%YAML 1.1
%TAG !u! tag:unity3d.com,2011:
--- !u!1 &5561964626843950850
GameObject:
  m_ObjectHideFlags: 0
  m_CorrespondingSourceObject: {fileID: 0}
  m_PrefabInstance: {fileID: 0}
  m_PrefabAsset: {fileID: 0}
  serializedVersion: 6
  m_Component:
  - component: {fileID: 5561964626843950851}
  - component: {fileID: 7702745540144438245}
  - component: {fileID: 5561964626843950855}
  - component: {fileID: 5561964626843950854}
  - component: {fileID: 2641133801046503414}
  - component: {fileID: 4638143474747837309}
  m_Layer: 0
  m_Name: Test Level (2)
  m_TagString: Untagged
  m_Icon: {fileID: 0}
  m_NavMeshLayer: 0
  m_StaticEditorFlags: 0
  m_IsActive: 1
--- !u!4 &5561964626843950851
Transform:
  m_ObjectHideFlags: 0
  m_CorrespondingSourceObject: {fileID: 0}
  m_PrefabInstance: {fileID: 0}
  m_PrefabAsset: {fileID: 0}
  m_GameObject: {fileID: 5561964626843950850}
  m_LocalRotation: {x: 0, y: 0, z: 0, w: 1}
  m_LocalPosition: {x: 0, y: 0, z: 0}
  m_LocalScale: {x: 1, y: 1, z: 1}
  m_Children:
  - {fileID: 4799769300169632263}
  - {fileID: 5390385770588046788}
  - {fileID: 2973359987715856636}
  - {fileID: 8663018725232155286}
  m_Father: {fileID: 0}
  m_RootOrder: 0
  m_LocalEulerAnglesHint: {x: 0, y: 0, z: 0}
--- !u!114 &7702745540144438245
MonoBehaviour:
  m_ObjectHideFlags: 0
  m_CorrespondingSourceObject: {fileID: 0}
  m_PrefabInstance: {fileID: 0}
  m_PrefabAsset: {fileID: 0}
  m_GameObject: {fileID: 5561964626843950850}
  m_Enabled: 1
  m_EditorHideFlags: 0
  m_Script: {fileID: 11500000, guid: a117a1c42e094d04788daf27052c62aa, type: 3}
  m_Name: 
  m_EditorClassIdentifier: 
--- !u!114 &5561964626843950855
MonoBehaviour:
  m_ObjectHideFlags: 0
  m_CorrespondingSourceObject: {fileID: 0}
  m_PrefabInstance: {fileID: 0}
  m_PrefabAsset: {fileID: 0}
  m_GameObject: {fileID: 5561964626843950850}
  m_Enabled: 1
  m_EditorHideFlags: 0
  m_Script: {fileID: 11500000, guid: 08eca9f7688a0a24685b89133b020c8e, type: 3}
  m_Name: 
  m_EditorClassIdentifier: 
  _scriptableObjectInstallers: []
  _monoInstallers:
  - {fileID: 7702745540144438245}
  _installerPrefabs: []
  _autoRun: 1
  _kernel: {fileID: 0}
--- !u!114 &5561964626843950854
MonoBehaviour:
  m_ObjectHideFlags: 0
  m_CorrespondingSourceObject: {fileID: 0}
  m_PrefabInstance: {fileID: 0}
  m_PrefabAsset: {fileID: 0}
  m_GameObject: {fileID: 5561964626843950850}
  m_Enabled: 1
  m_EditorHideFlags: 0
  m_Script: {fileID: 11500000, guid: 0166d8ff8d905b048b2448179e1f5d11, type: 3}
  m_Name: 
  m_EditorClassIdentifier: 
  _components:
  - {fileID: 2641133801046503414}
  - {fileID: 4638143474747837309}
  _identifier: 
  _useSceneContext: 0
  _context: {fileID: 0}
  _bindType: 0
--- !u!114 &2641133801046503414
MonoBehaviour:
  m_ObjectHideFlags: 0
  m_CorrespondingSourceObject: {fileID: 0}
  m_PrefabInstance: {fileID: 0}
  m_PrefabAsset: {fileID: 0}
  m_GameObject: {fileID: 5561964626843950850}
  m_Enabled: 1
  m_EditorHideFlags: 0
  m_Script: {fileID: 11500000, guid: 02080206b3497bf4c8d1a9d49f26fc3c, type: 3}
  m_Name: 
  m_EditorClassIdentifier: 
  playAreas:
  - {fileID: 4799769300169632260}
  - {fileID: 5390385770588046791}
  - {fileID: 2973359987715856639}
  - {fileID: 8663018725232155285}
  playAreaIndex: 0
--- !u!114 &4638143474747837309
MonoBehaviour:
  m_ObjectHideFlags: 0
  m_CorrespondingSourceObject: {fileID: 0}
  m_PrefabInstance: {fileID: 0}
  m_PrefabAsset: {fileID: 0}
  m_GameObject: {fileID: 5561964626843950850}
  m_Enabled: 1
  m_EditorHideFlags: 0
  m_Script: {fileID: 11500000, guid: 0dff63c88eeacbb46a9132c4b03bf7d0, type: 3}
  m_Name: 
  m_EditorClassIdentifier: 
--- !u!1001 &668296076525500074
PrefabInstance:
  m_ObjectHideFlags: 0
  serializedVersion: 2
  m_Modification:
    m_TransformParent: {fileID: 5561964626843950851}
    m_Modifications:
    - target: {fileID: 5465811948953754797, guid: bf163703a6a866b44b64b4490f15cbf0,
        type: 3}
      propertyPath: m_RootOrder
      value: 0
      objectReference: {fileID: 0}
    - target: {fileID: 5465811948953754797, guid: bf163703a6a866b44b64b4490f15cbf0,
        type: 3}
      propertyPath: m_LocalPosition.x
      value: 0
      objectReference: {fileID: 0}
    - target: {fileID: 5465811948953754797, guid: bf163703a6a866b44b64b4490f15cbf0,
        type: 3}
      propertyPath: m_LocalPosition.y
      value: 0
      objectReference: {fileID: 0}
    - target: {fileID: 5465811948953754797, guid: bf163703a6a866b44b64b4490f15cbf0,
        type: 3}
      propertyPath: m_LocalPosition.z
      value: 0
      objectReference: {fileID: 0}
    - target: {fileID: 5465811948953754797, guid: bf163703a6a866b44b64b4490f15cbf0,
        type: 3}
      propertyPath: m_LocalRotation.w
      value: 1
      objectReference: {fileID: 0}
    - target: {fileID: 5465811948953754797, guid: bf163703a6a866b44b64b4490f15cbf0,
        type: 3}
      propertyPath: m_LocalRotation.x
      value: 0
      objectReference: {fileID: 0}
    - target: {fileID: 5465811948953754797, guid: bf163703a6a866b44b64b4490f15cbf0,
        type: 3}
      propertyPath: m_LocalRotation.y
      value: 0
      objectReference: {fileID: 0}
    - target: {fileID: 5465811948953754797, guid: bf163703a6a866b44b64b4490f15cbf0,
        type: 3}
      propertyPath: m_LocalRotation.z
      value: 0
      objectReference: {fileID: 0}
    - target: {fileID: 5465811948953754797, guid: bf163703a6a866b44b64b4490f15cbf0,
        type: 3}
      propertyPath: m_LocalEulerAnglesHint.x
      value: 0
      objectReference: {fileID: 0}
    - target: {fileID: 5465811948953754797, guid: bf163703a6a866b44b64b4490f15cbf0,
        type: 3}
      propertyPath: m_LocalEulerAnglesHint.y
      value: 0
      objectReference: {fileID: 0}
    - target: {fileID: 5465811948953754797, guid: bf163703a6a866b44b64b4490f15cbf0,
        type: 3}
      propertyPath: m_LocalEulerAnglesHint.z
      value: 0
      objectReference: {fileID: 0}
    - target: {fileID: 5465811948953754798, guid: bf163703a6a866b44b64b4490f15cbf0,
        type: 3}
      propertyPath: cup
      value: 
      objectReference: {fileID: 6886038782647005875}
    - target: {fileID: 5465811948953754799, guid: bf163703a6a866b44b64b4490f15cbf0,
        type: 3}
      propertyPath: m_Name
      value: Level Area (1)
      objectReference: {fileID: 0}
    - target: {fileID: 8359252984934683061, guid: bf163703a6a866b44b64b4490f15cbf0,
        type: 3}
      propertyPath: m_Materials.Array.data[0]
      value: 
      objectReference: {fileID: 9003353085549565770, guid: 93212ba6a4076b549aa1819c9216b760,
        type: 3}
    - target: {fileID: 8359252984934683061, guid: bf163703a6a866b44b64b4490f15cbf0,
        type: 3}
      propertyPath: m_Materials.Array.data[1]
      value: 
      objectReference: {fileID: 2100000, guid: 109a15ea758a0444098f24e78a431b6f, type: 2}
    m_RemovedComponents: []
  m_SourcePrefab: {fileID: 100100000, guid: bf163703a6a866b44b64b4490f15cbf0, type: 3}
--- !u!4 &4799769300169632263 stripped
Transform:
  m_CorrespondingSourceObject: {fileID: 5465811948953754797, guid: bf163703a6a866b44b64b4490f15cbf0,
    type: 3}
  m_PrefabInstance: {fileID: 668296076525500074}
  m_PrefabAsset: {fileID: 0}
--- !u!114 &4799769300169632260 stripped
MonoBehaviour:
  m_CorrespondingSourceObject: {fileID: 5465811948953754798, guid: bf163703a6a866b44b64b4490f15cbf0,
    type: 3}
  m_PrefabInstance: {fileID: 668296076525500074}
  m_PrefabAsset: {fileID: 0}
  m_GameObject: {fileID: 0}
  m_Enabled: 1
  m_EditorHideFlags: 0
  m_Script: {fileID: 11500000, guid: 6455c28ba985c8f4cb6eb703d54fd22a, type: 3}
  m_Name: 
  m_EditorClassIdentifier: 
--- !u!114 &6886038782647005875 stripped
MonoBehaviour:
  m_CorrespondingSourceObject: {fileID: 6257290387093324825, guid: bf163703a6a866b44b64b4490f15cbf0,
    type: 3}
  m_PrefabInstance: {fileID: 668296076525500074}
  m_PrefabAsset: {fileID: 0}
  m_GameObject: {fileID: 0}
  m_Enabled: 1
  m_EditorHideFlags: 0
  m_Script: {fileID: 11500000, guid: ca92e46bd9f8dbe4390ad62b3df16a21, type: 3}
  m_Name: 
  m_EditorClassIdentifier: 
--- !u!1001 &5980506598873364181
PrefabInstance:
  m_ObjectHideFlags: 0
  serializedVersion: 2
  m_Modification:
    m_TransformParent: {fileID: 5561964626843950851}
    m_Modifications:
    - target: {fileID: 1521726291234152795, guid: 7c30191bb7df02c4d9fe2e51c79cdd9c,
        type: 3}
      propertyPath: m_Materials.Array.data[0]
      value: 
      objectReference: {fileID: 9003353085549565770, guid: 93212ba6a4076b549aa1819c9216b760,
        type: 3}
    - target: {fileID: 1521726291234152795, guid: 7c30191bb7df02c4d9fe2e51c79cdd9c,
        type: 3}
      propertyPath: m_Materials.Array.data[1]
      value: 
      objectReference: {fileID: 2100000, guid: 109a15ea758a0444098f24e78a431b6f, type: 2}
    - target: {fileID: 3082219924957752385, guid: 7c30191bb7df02c4d9fe2e51c79cdd9c,
        type: 3}
      propertyPath: m_Name
      value: Level Area (4)
      objectReference: {fileID: 0}
    - target: {fileID: 3082219924957752387, guid: 7c30191bb7df02c4d9fe2e51c79cdd9c,
        type: 3}
      propertyPath: m_RootOrder
      value: 3
      objectReference: {fileID: 0}
    - target: {fileID: 3082219924957752387, guid: 7c30191bb7df02c4d9fe2e51c79cdd9c,
        type: 3}
      propertyPath: m_LocalPosition.x
      value: 0
      objectReference: {fileID: 0}
    - target: {fileID: 3082219924957752387, guid: 7c30191bb7df02c4d9fe2e51c79cdd9c,
        type: 3}
      propertyPath: m_LocalPosition.y
      value: 0
      objectReference: {fileID: 0}
    - target: {fileID: 3082219924957752387, guid: 7c30191bb7df02c4d9fe2e51c79cdd9c,
        type: 3}
      propertyPath: m_LocalPosition.z
      value: 84
      objectReference: {fileID: 0}
    - target: {fileID: 3082219924957752387, guid: 7c30191bb7df02c4d9fe2e51c79cdd9c,
        type: 3}
      propertyPath: m_LocalRotation.w
      value: 1
      objectReference: {fileID: 0}
    - target: {fileID: 3082219924957752387, guid: 7c30191bb7df02c4d9fe2e51c79cdd9c,
        type: 3}
      propertyPath: m_LocalRotation.x
      value: 0
      objectReference: {fileID: 0}
    - target: {fileID: 3082219924957752387, guid: 7c30191bb7df02c4d9fe2e51c79cdd9c,
        type: 3}
      propertyPath: m_LocalRotation.y
      value: 0
      objectReference: {fileID: 0}
    - target: {fileID: 3082219924957752387, guid: 7c30191bb7df02c4d9fe2e51c79cdd9c,
        type: 3}
      propertyPath: m_LocalRotation.z
      value: 0
      objectReference: {fileID: 0}
    - target: {fileID: 3082219924957752387, guid: 7c30191bb7df02c4d9fe2e51c79cdd9c,
        type: 3}
      propertyPath: m_LocalEulerAnglesHint.x
      value: 0
      objectReference: {fileID: 0}
    - target: {fileID: 3082219924957752387, guid: 7c30191bb7df02c4d9fe2e51c79cdd9c,
        type: 3}
      propertyPath: m_LocalEulerAnglesHint.y
      value: 0
      objectReference: {fileID: 0}
    - target: {fileID: 3082219924957752387, guid: 7c30191bb7df02c4d9fe2e51c79cdd9c,
        type: 3}
      propertyPath: m_LocalEulerAnglesHint.z
      value: 0
      objectReference: {fileID: 0}
    m_RemovedComponents: []
  m_SourcePrefab: {fileID: 100100000, guid: 7c30191bb7df02c4d9fe2e51c79cdd9c, type: 3}
--- !u!4 &8663018725232155286 stripped
Transform:
  m_CorrespondingSourceObject: {fileID: 3082219924957752387, guid: 7c30191bb7df02c4d9fe2e51c79cdd9c,
    type: 3}
  m_PrefabInstance: {fileID: 5980506598873364181}
  m_PrefabAsset: {fileID: 0}
--- !u!114 &8663018725232155285 stripped
MonoBehaviour:
  m_CorrespondingSourceObject: {fileID: 3082219924957752384, guid: 7c30191bb7df02c4d9fe2e51c79cdd9c,
    type: 3}
  m_PrefabInstance: {fileID: 5980506598873364181}
  m_PrefabAsset: {fileID: 0}
  m_GameObject: {fileID: 0}
  m_Enabled: 1
  m_EditorHideFlags: 0
  m_Script: {fileID: 11500000, guid: 6455c28ba985c8f4cb6eb703d54fd22a, type: 3}
  m_Name: 
  m_EditorClassIdentifier: 
--- !u!1001 &6919853384493459847
PrefabInstance:
  m_ObjectHideFlags: 0
  serializedVersion: 2
  m_Modification:
    m_TransformParent: {fileID: 5561964626843950851}
    m_Modifications:
    - target: {fileID: 1521726291234152795, guid: 7c30191bb7df02c4d9fe2e51c79cdd9c,
        type: 3}
      propertyPath: m_Materials.Array.data[0]
      value: 
      objectReference: {fileID: 9003353085549565770, guid: 93212ba6a4076b549aa1819c9216b760,
        type: 3}
    - target: {fileID: 1521726291234152795, guid: 7c30191bb7df02c4d9fe2e51c79cdd9c,
        type: 3}
      propertyPath: m_Materials.Array.data[1]
      value: 
      objectReference: {fileID: 2100000, guid: 109a15ea758a0444098f24e78a431b6f, type: 2}
    - target: {fileID: 3082219924957752385, guid: 7c30191bb7df02c4d9fe2e51c79cdd9c,
        type: 3}
      propertyPath: m_Name
      value: Level Area (2)
      objectReference: {fileID: 0}
    - target: {fileID: 3082219924957752387, guid: 7c30191bb7df02c4d9fe2e51c79cdd9c,
        type: 3}
      propertyPath: m_RootOrder
      value: 1
      objectReference: {fileID: 0}
    - target: {fileID: 3082219924957752387, guid: 7c30191bb7df02c4d9fe2e51c79cdd9c,
        type: 3}
      propertyPath: m_LocalPosition.x
      value: 0
      objectReference: {fileID: 0}
    - target: {fileID: 3082219924957752387, guid: 7c30191bb7df02c4d9fe2e51c79cdd9c,
        type: 3}
      propertyPath: m_LocalPosition.y
      value: 0
      objectReference: {fileID: 0}
    - target: {fileID: 3082219924957752387, guid: 7c30191bb7df02c4d9fe2e51c79cdd9c,
        type: 3}
      propertyPath: m_LocalPosition.z
      value: 28
      objectReference: {fileID: 0}
    - target: {fileID: 3082219924957752387, guid: 7c30191bb7df02c4d9fe2e51c79cdd9c,
        type: 3}
      propertyPath: m_LocalRotation.w
      value: 1
      objectReference: {fileID: 0}
    - target: {fileID: 3082219924957752387, guid: 7c30191bb7df02c4d9fe2e51c79cdd9c,
        type: 3}
      propertyPath: m_LocalRotation.x
      value: 0
      objectReference: {fileID: 0}
    - target: {fileID: 3082219924957752387, guid: 7c30191bb7df02c4d9fe2e51c79cdd9c,
        type: 3}
      propertyPath: m_LocalRotation.y
      value: 0
      objectReference: {fileID: 0}
    - target: {fileID: 3082219924957752387, guid: 7c30191bb7df02c4d9fe2e51c79cdd9c,
        type: 3}
      propertyPath: m_LocalRotation.z
      value: 0
      objectReference: {fileID: 0}
    - target: {fileID: 3082219924957752387, guid: 7c30191bb7df02c4d9fe2e51c79cdd9c,
        type: 3}
      propertyPath: m_LocalEulerAnglesHint.x
      value: 0
      objectReference: {fileID: 0}
    - target: {fileID: 3082219924957752387, guid: 7c30191bb7df02c4d9fe2e51c79cdd9c,
        type: 3}
      propertyPath: m_LocalEulerAnglesHint.y
      value: 0
      objectReference: {fileID: 0}
    - target: {fileID: 3082219924957752387, guid: 7c30191bb7df02c4d9fe2e51c79cdd9c,
        type: 3}
      propertyPath: m_LocalEulerAnglesHint.z
      value: 0
      objectReference: {fileID: 0}
    m_RemovedComponents: []
  m_SourcePrefab: {fileID: 100100000, guid: 7c30191bb7df02c4d9fe2e51c79cdd9c, type: 3}
--- !u!4 &5390385770588046788 stripped
Transform:
  m_CorrespondingSourceObject: {fileID: 3082219924957752387, guid: 7c30191bb7df02c4d9fe2e51c79cdd9c,
    type: 3}
  m_PrefabInstance: {fileID: 6919853384493459847}
  m_PrefabAsset: {fileID: 0}
--- !u!114 &5390385770588046791 stripped
MonoBehaviour:
  m_CorrespondingSourceObject: {fileID: 3082219924957752384, guid: 7c30191bb7df02c4d9fe2e51c79cdd9c,
    type: 3}
  m_PrefabInstance: {fileID: 6919853384493459847}
  m_PrefabAsset: {fileID: 0}
  m_GameObject: {fileID: 0}
  m_Enabled: 1
  m_EditorHideFlags: 0
  m_Script: {fileID: 11500000, guid: 6455c28ba985c8f4cb6eb703d54fd22a, type: 3}
  m_Name: 
  m_EditorClassIdentifier: 
--- !u!1001 &9204967531317524254
PrefabInstance:
  m_ObjectHideFlags: 0
  serializedVersion: 2
  m_Modification:
    m_TransformParent: {fileID: 5561964626843950851}
    m_Modifications:
    - target: {fileID: 6268414835655356384, guid: 23d63654384457a47b6fe293c43e50e4,
        type: 3}
      propertyPath: m_Name
      value: Level Area (3)
      objectReference: {fileID: 0}
    - target: {fileID: 6268414835655356386, guid: 23d63654384457a47b6fe293c43e50e4,
        type: 3}
      propertyPath: m_RootOrder
      value: 2
      objectReference: {fileID: 0}
    - target: {fileID: 6268414835655356386, guid: 23d63654384457a47b6fe293c43e50e4,
        type: 3}
      propertyPath: m_LocalPosition.x
      value: 0
      objectReference: {fileID: 0}
    - target: {fileID: 6268414835655356386, guid: 23d63654384457a47b6fe293c43e50e4,
        type: 3}
      propertyPath: m_LocalPosition.y
      value: 0
      objectReference: {fileID: 0}
    - target: {fileID: 6268414835655356386, guid: 23d63654384457a47b6fe293c43e50e4,
        type: 3}
      propertyPath: m_LocalPosition.z
      value: 56
      objectReference: {fileID: 0}
    - target: {fileID: 6268414835655356386, guid: 23d63654384457a47b6fe293c43e50e4,
        type: 3}
      propertyPath: m_LocalRotation.w
      value: 1
      objectReference: {fileID: 0}
    - target: {fileID: 6268414835655356386, guid: 23d63654384457a47b6fe293c43e50e4,
        type: 3}
      propertyPath: m_LocalRotation.x
      value: 0
      objectReference: {fileID: 0}
    - target: {fileID: 6268414835655356386, guid: 23d63654384457a47b6fe293c43e50e4,
        type: 3}
      propertyPath: m_LocalRotation.y
      value: 0
      objectReference: {fileID: 0}
    - target: {fileID: 6268414835655356386, guid: 23d63654384457a47b6fe293c43e50e4,
        type: 3}
      propertyPath: m_LocalRotation.z
      value: 0
      objectReference: {fileID: 0}
    - target: {fileID: 6268414835655356386, guid: 23d63654384457a47b6fe293c43e50e4,
        type: 3}
      propertyPath: m_LocalEulerAnglesHint.x
      value: 0
      objectReference: {fileID: 0}
    - target: {fileID: 6268414835655356386, guid: 23d63654384457a47b6fe293c43e50e4,
        type: 3}
      propertyPath: m_LocalEulerAnglesHint.y
      value: 0
      objectReference: {fileID: 0}
    - target: {fileID: 6268414835655356386, guid: 23d63654384457a47b6fe293c43e50e4,
        type: 3}
      propertyPath: m_LocalEulerAnglesHint.z
      value: 0
      objectReference: {fileID: 0}
    - target: {fileID: 7576634958947033850, guid: 23d63654384457a47b6fe293c43e50e4,
        type: 3}
      propertyPath: m_Materials.Array.data[0]
      value: 
      objectReference: {fileID: 9003353085549565770, guid: 93212ba6a4076b549aa1819c9216b760,
        type: 3}
    - target: {fileID: 7576634958947033850, guid: 23d63654384457a47b6fe293c43e50e4,
        type: 3}
      propertyPath: m_Materials.Array.data[1]
      value: 
      objectReference: {fileID: 2100000, guid: 109a15ea758a0444098f24e78a431b6f, type: 2}
    m_RemovedComponents: []
  m_SourcePrefab: {fileID: 100100000, guid: 23d63654384457a47b6fe293c43e50e4, type: 3}
--- !u!4 &2973359987715856636 stripped
Transform:
  m_CorrespondingSourceObject: {fileID: 6268414835655356386, guid: 23d63654384457a47b6fe293c43e50e4,
    type: 3}
  m_PrefabInstance: {fileID: 9204967531317524254}
  m_PrefabAsset: {fileID: 0}
--- !u!114 &2973359987715856639 stripped
MonoBehaviour:
  m_CorrespondingSourceObject: {fileID: 6268414835655356385, guid: 23d63654384457a47b6fe293c43e50e4,
    type: 3}
  m_PrefabInstance: {fileID: 9204967531317524254}
  m_PrefabAsset: {fileID: 0}
  m_GameObject: {fileID: 0}
  m_Enabled: 1
  m_EditorHideFlags: 0
  m_Script: {fileID: 11500000, guid: 6455c28ba985c8f4cb6eb703d54fd22a, type: 3}
  m_Name: 
  m_EditorClassIdentifier: 
