%YAML 1.1
%TAG !u! tag:unity3d.com,2011:
--- !u!54 &5967454881083750478
Rigidbody:
  m_ObjectHideFlags: 0
  m_CorrespondingSourceObject: {fileID: 0}
  m_PrefabInstance: {fileID: 0}
  m_PrefabAsset: {fileID: 0}
  m_GameObject: {fileID: 524780262407747766}
  serializedVersion: 2
  m_Mass: 10.9375
  m_Drag: 0
  m_AngularDrag: 0.05
  m_UseGravity: 1
  m_IsKinematic: 0
  m_Interpolate: 0
  m_Constraints: 0
  m_CollisionDetection: 0
--- !u!65 &5967454881083750512
BoxCollider:
  m_ObjectHideFlags: 0
  m_CorrespondingSourceObject: {fileID: 0}
  m_PrefabInstance: {fileID: 0}
  m_PrefabAsset: {fileID: 0}
  m_GameObject: {fileID: 524780262407747766}
  m_Material: {fileID: 0}
  m_IsTrigger: 0
  m_Enabled: 1
  serializedVersion: 2
  m_Size: {x: 0.3032563, y: 0.29604864, z: 0.23269081}
  m_Center: {x: -0.000000014901161, y: 0.14802438, z: -0.03617157}
--- !u!144 &5967454881083750513
CharacterJoint:
  m_ObjectHideFlags: 0
  m_CorrespondingSourceObject: {fileID: 0}
  m_PrefabInstance: {fileID: 0}
  m_PrefabAsset: {fileID: 0}
  m_GameObject: {fileID: 524780262407747766}
  m_ConnectedBody: {fileID: 5967454880295105760}
  m_Anchor: {x: 0, y: 0, z: 0}
  m_Axis: {x: 1, y: 0, z: 0}
  m_AutoConfigureConnectedAnchor: 1
  m_ConnectedAnchor: {x: -0.00000008652044, y: 0.10181594, z: 0.0013154196}
  serializedVersion: 2
  m_SwingAxis: {x: 0, y: 0, z: 1}
  m_TwistLimitSpring:
    spring: 0
    damper: 0
  m_LowTwistLimit:
    limit: -20
    bounciness: 0
    contactDistance: 0
  m_HighTwistLimit:
    limit: 20
    bounciness: 0
    contactDistance: 0
  m_SwingLimitSpring:
    spring: 0
    damper: 0
  m_Swing1Limit:
    limit: 10
    bounciness: 0
    contactDistance: 0
  m_Swing2Limit:
    limit: 0
    bounciness: 0
    contactDistance: 0
  m_EnableProjection: 0
  m_ProjectionDistance: 0.1
  m_ProjectionAngle: 180
  m_BreakForce: Infinity
  m_BreakTorque: Infinity
  m_EnableCollision: 0
  m_EnablePreprocessing: 0
  m_MassScale: 1
  m_ConnectedMassScale: 1
--- !u!54 &5967454880501073081
Rigidbody:
  m_ObjectHideFlags: 0
  m_CorrespondingSourceObject: {fileID: 0}
  m_PrefabInstance: {fileID: 0}
  m_PrefabAsset: {fileID: 0}
  m_GameObject: {fileID: 918811225929321052}
  serializedVersion: 2
  m_Mass: 6.5625
  m_Drag: 0
  m_AngularDrag: 0.05
  m_UseGravity: 1
  m_IsKinematic: 0
  m_Interpolate: 0
  m_Constraints: 0
  m_CollisionDetection: 1
--- !u!136 &5967454880501073083
CapsuleCollider:
  m_ObjectHideFlags: 0
  m_CorrespondingSourceObject: {fileID: 0}
  m_PrefabInstance: {fileID: 0}
  m_PrefabAsset: {fileID: 0}
  m_GameObject: {fileID: 918811225929321052}
  m_Material: {fileID: 13400000, guid: ca729f5f06fe6b64082fb0012e0f2e3e, type: 2}
  m_IsTrigger: 0
  m_Enabled: 1
  m_Radius: 0.09
  m_Height: 0.44370478
  m_Direction: 1
  m_Center: {x: -0.04, y: -0.22185239, z: 0}
--- !u!144 &5967454880501073080
CharacterJoint:
  m_ObjectHideFlags: 0
  m_CorrespondingSourceObject: {fileID: 0}
  m_PrefabInstance: {fileID: 0}
  m_PrefabAsset: {fileID: 0}
  m_GameObject: {fileID: 918811225929321052}
  m_ConnectedBody: {fileID: 5967454880295105760}
  m_Anchor: {x: 0, y: 0, z: 0}
  m_Axis: {x: 1, y: 0, z: 0}
  m_AutoConfigureConnectedAnchor: 1
  m_ConnectedAnchor: {x: -0.082077816, y: -0.06751716, z: -0.015995681}
  serializedVersion: 2
  m_SwingAxis: {x: 0, y: 0, z: 1}
  m_TwistLimitSpring:
    spring: 0
    damper: 0
  m_LowTwistLimit:
    limit: -20
    bounciness: 0
    contactDistance: 0
  m_HighTwistLimit:
    limit: 70
    bounciness: 0
    contactDistance: 0
  m_SwingLimitSpring:
    spring: 0
    damper: 0
  m_Swing1Limit:
    limit: 30
    bounciness: 0
    contactDistance: 0
  m_Swing2Limit:
    limit: 0
    bounciness: 0
    contactDistance: 0
  m_EnableProjection: 0
  m_ProjectionDistance: 0.1
  m_ProjectionAngle: 180
  m_BreakForce: Infinity
  m_BreakTorque: Infinity
  m_EnableCollision: 0
  m_EnablePreprocessing: 0
  m_MassScale: 1
  m_ConnectedMassScale: 1
--- !u!54 &5967454881320167872
Rigidbody:
  m_ObjectHideFlags: 0
  m_CorrespondingSourceObject: {fileID: 0}
  m_PrefabInstance: {fileID: 0}
  m_PrefabAsset: {fileID: 0}
  m_GameObject: {fileID: 2770133751929150004}
  serializedVersion: 2
  m_Mass: 4.375
  m_Drag: 0
  m_AngularDrag: 0.05
  m_UseGravity: 1
  m_IsKinematic: 0
  m_Interpolate: 0
  m_Constraints: 0
  m_CollisionDetection: 1
--- !u!136 &5967454881320167875
CapsuleCollider:
  m_ObjectHideFlags: 0
  m_CorrespondingSourceObject: {fileID: 0}
  m_PrefabInstance: {fileID: 0}
  m_PrefabAsset: {fileID: 0}
  m_GameObject: {fileID: 2770133751929150004}
  m_Material: {fileID: 13400000, guid: ca729f5f06fe6b64082fb0012e0f2e3e, type: 2}
  m_IsTrigger: 0
  m_Enabled: 1
  m_Radius: 0.07
  m_Height: 0.47344398
  m_Direction: 0
  m_Center: {x: 0.23672199, y: 0, z: 0}
--- !u!144 &5967454881320167873
CharacterJoint:
  m_ObjectHideFlags: 0
  m_CorrespondingSourceObject: {fileID: 0}
  m_PrefabInstance: {fileID: 0}
  m_PrefabAsset: {fileID: 0}
  m_GameObject: {fileID: 2770133751929150004}
  m_ConnectedBody: {fileID: 5967454879465141366}
  m_Anchor: {x: 0, y: 0, z: 0}
  m_Axis: {x: 0, y: 0, z: 1}
  m_AutoConfigureConnectedAnchor: 1
  m_ConnectedAnchor: {x: 0.27841514, y: -0.00000031073773, z: 0.00000024028122}
  serializedVersion: 2
  m_SwingAxis: {x: 0, y: 1, z: 0}
  m_TwistLimitSpring:
    spring: 0
    damper: 0
  m_LowTwistLimit:
    limit: -90
    bounciness: 0
    contactDistance: 0
  m_HighTwistLimit:
    limit: 0
    bounciness: 0
    contactDistance: 0
  m_SwingLimitSpring:
    spring: 0
    damper: 0
  m_Swing1Limit:
    limit: 0
    bounciness: 0
    contactDistance: 0
  m_Swing2Limit:
    limit: 0
    bounciness: 0
    contactDistance: 0
  m_EnableProjection: 0
  m_ProjectionDistance: 0.1
  m_ProjectionAngle: 180
  m_BreakForce: Infinity
  m_BreakTorque: Infinity
  m_EnableCollision: 0
  m_EnablePreprocessing: 0
  m_MassScale: 1
  m_ConnectedMassScale: 1
--- !u!54 &5967454881253788963
Rigidbody:
  m_ObjectHideFlags: 0
  m_CorrespondingSourceObject: {fileID: 0}
  m_PrefabInstance: {fileID: 0}
  m_PrefabAsset: {fileID: 0}
  m_GameObject: {fileID: 3134912929606202569}
  serializedVersion: 2
  m_Mass: 6.5625
  m_Drag: 0
  m_AngularDrag: 0.05
  m_UseGravity: 1
  m_IsKinematic: 0
  m_Interpolate: 0
  m_Constraints: 0
  m_CollisionDetection: 1
--- !u!136 &5967454881253788962
CapsuleCollider:
  m_ObjectHideFlags: 0
  m_CorrespondingSourceObject: {fileID: 0}
  m_PrefabInstance: {fileID: 0}
  m_PrefabAsset: {fileID: 0}
  m_GameObject: {fileID: 3134912929606202569}
  m_Material: {fileID: 13400000, guid: ca729f5f06fe6b64082fb0012e0f2e3e, type: 2}
  m_IsTrigger: 0
  m_Enabled: 1
  m_Radius: 0.09
  m_Height: 0.5314198
  m_Direction: 1
  m_Center: {x: 0.04, y: -0.2657099, z: 0}
--- !u!144 &5967454881253788960
CharacterJoint:
  m_ObjectHideFlags: 0
  m_CorrespondingSourceObject: {fileID: 0}
  m_PrefabInstance: {fileID: 0}
  m_PrefabAsset: {fileID: 0}
  m_GameObject: {fileID: 3134912929606202569}
  m_ConnectedBody: {fileID: 5967454880255108172}
  m_Anchor: {x: 0, y: 0, z: 0}
  m_Axis: {x: 1, y: 0, z: 0}
  m_AutoConfigureConnectedAnchor: 1
  m_ConnectedAnchor: {x: 0.000000007911012, y: -0.44370535, z: 0.0028615491}
  serializedVersion: 2
  m_SwingAxis: {x: 0, y: 0, z: 1}
  m_TwistLimitSpring:
    spring: 0
    damper: 0
  m_LowTwistLimit:
    limit: -80
    bounciness: 0
    contactDistance: 0
  m_HighTwistLimit:
    limit: 0
    bounciness: 0
    contactDistance: 0
  m_SwingLimitSpring:
    spring: 0
    damper: 0
  m_Swing1Limit:
    limit: 0
    bounciness: 0
    contactDistance: 0
  m_Swing2Limit:
    limit: 0
    bounciness: 0
    contactDistance: 0
  m_EnableProjection: 0
  m_ProjectionDistance: 0.1
  m_ProjectionAngle: 180
  m_BreakForce: Infinity
  m_BreakTorque: Infinity
  m_EnableCollision: 0
  m_EnablePreprocessing: 0
  m_MassScale: 1
  m_ConnectedMassScale: 1
--- !u!54 &5967454880295105760
Rigidbody:
  m_ObjectHideFlags: 0
  m_CorrespondingSourceObject: {fileID: 0}
  m_PrefabInstance: {fileID: 0}
  m_PrefabAsset: {fileID: 0}
  m_GameObject: {fileID: 4833448515834547101}
  serializedVersion: 2
  m_Mass: 10.9375
  m_Drag: 0
  m_AngularDrag: 0.05
  m_UseGravity: 1
  m_IsKinematic: 0
  m_Interpolate: 0
  m_Constraints: 0
  m_CollisionDetection: 1
--- !u!65 &5967454880295105763
BoxCollider:
  m_ObjectHideFlags: 0
  m_CorrespondingSourceObject: {fileID: 0}
  m_PrefabInstance: {fileID: 0}
  m_PrefabAsset: {fileID: 0}
  m_GameObject: {fileID: 4833448515834547101}
  m_Material: {fileID: 13400000, guid: ca729f5f06fe6b64082fb0012e0f2e3e, type: 2}
  m_IsTrigger: 0
  m_Enabled: 1
  serializedVersion: 2
  m_Size: {x: 0.3032563, y: 0.1693331, z: 0.23269075}
  m_Center: {x: -0.00000052154064, y: 0.017149389, z: -0.035513967}
--- !u!1 &5967454880642340096
GameObject:
  m_ObjectHideFlags: 0
  m_CorrespondingSourceObject: {fileID: 0}
  m_PrefabInstance: {fileID: 0}
  m_PrefabAsset: {fileID: 0}
  serializedVersion: 6
  m_Component:
  - component: {fileID: 5967454880642340102}
  - component: {fileID: 5967454880642340103}
  - component: {fileID: 5967454880642340100}
  - component: {fileID: 5967454880642340101}
  - component: {fileID: 5967454880642340098}
  - component: {fileID: 4419061173027151172}
  - component: {fileID: 5967454880642340099}
  - component: {fileID: 7448869481400733852}
  m_Layer: 0
  m_Name: Enemy Stand
  m_TagString: Untagged
  m_Icon: {fileID: 0}
  m_NavMeshLayer: 0
  m_StaticEditorFlags: 0
  m_IsActive: 1
--- !u!4 &5967454880642340102
Transform:
  m_ObjectHideFlags: 0
  m_CorrespondingSourceObject: {fileID: 0}
  m_PrefabInstance: {fileID: 0}
  m_PrefabAsset: {fileID: 0}
  m_GameObject: {fileID: 5967454880642340096}
  m_LocalRotation: {x: 0, y: 1, z: 0, w: 0}
  m_LocalPosition: {x: -0.16, y: 0, z: 5.89}
  m_LocalScale: {x: 1, y: 1, z: 1}
  m_Children:
  - {fileID: 1705206566321302863}
  m_Father: {fileID: 0}
  m_RootOrder: 0
  m_LocalEulerAnglesHint: {x: 0, y: 180, z: 0}
--- !u!136 &5967454880642340103
CapsuleCollider:
  m_ObjectHideFlags: 0
  m_CorrespondingSourceObject: {fileID: 0}
  m_PrefabInstance: {fileID: 0}
  m_PrefabAsset: {fileID: 0}
  m_GameObject: {fileID: 5967454880642340096}
  m_Material: {fileID: 0}
  m_IsTrigger: 0
  m_Enabled: 1
  m_Radius: 0.27
  m_Height: 1.8
  m_Direction: 1
  m_Center: {x: 0, y: 0.9, z: 0}
--- !u!114 &5967454880642340100
MonoBehaviour:
  m_ObjectHideFlags: 0
  m_CorrespondingSourceObject: {fileID: 0}
  m_PrefabInstance: {fileID: 0}
  m_PrefabAsset: {fileID: 0}
  m_GameObject: {fileID: 5967454880642340096}
  m_Enabled: 1
  m_EditorHideFlags: 0
  m_Script: {fileID: 11500000, guid: 3a6b737f781354540940b44a758987cc, type: 3}
  m_Name: 
  m_EditorClassIdentifier: 
  replasableAnimation: {fileID: -203655887218126122, guid: b40ed7dd5cb523540876bb369a57ae3e,
    type: 3}
  mainAnimation: {fileID: -203655887218126122, guid: 3cdae3ec7f68d274b9cbac39dde48021,
    type: 3}
  mainCollider: {fileID: 5967454880642340103}
--- !u!114 &5967454880642340101
MonoBehaviour:
  m_ObjectHideFlags: 0
  m_CorrespondingSourceObject: {fileID: 0}
  m_PrefabInstance: {fileID: 0}
  m_PrefabAsset: {fileID: 0}
  m_GameObject: {fileID: 5967454880642340096}
  m_Enabled: 1
  m_EditorHideFlags: 0
  m_Script: {fileID: 11500000, guid: 08eca9f7688a0a24685b89133b020c8e, type: 3}
  m_Name: 
  m_EditorClassIdentifier: 
  _scriptableObjectInstallers: []
  _monoInstallers:
  - {fileID: 5967454880642340100}
  _installerPrefabs: []
  _autoRun: 1
  _kernel: {fileID: 0}
--- !u!114 &5967454880642340098
MonoBehaviour:
  m_ObjectHideFlags: 0
  m_CorrespondingSourceObject: {fileID: 0}
  m_PrefabInstance: {fileID: 0}
  m_PrefabAsset: {fileID: 0}
  m_GameObject: {fileID: 5967454880642340096}
  m_Enabled: 1
  m_EditorHideFlags: 0
  m_Script: {fileID: 11500000, guid: 0166d8ff8d905b048b2448179e1f5d11, type: 3}
  m_Name: 
  m_EditorClassIdentifier: 
  _components:
  - {fileID: 5967454880642340099}
  - {fileID: 4419061173027151172}
  _identifier: 
  _useSceneContext: 0
  _context: {fileID: 0}
  _bindType: 2
--- !u!114 &4419061173027151172
MonoBehaviour:
  m_ObjectHideFlags: 0
  m_CorrespondingSourceObject: {fileID: 0}
  m_PrefabInstance: {fileID: 0}
  m_PrefabAsset: {fileID: 0}
  m_GameObject: {fileID: 5967454880642340096}
  m_Enabled: 1
  m_EditorHideFlags: 0
  m_Script: {fileID: 11500000, guid: 7c4c606778e6f964fb36ed86614e446c, type: 3}
  m_Name: 
  m_EditorClassIdentifier: 
--- !u!114 &5967454880642340099
MonoBehaviour:
  m_ObjectHideFlags: 0
  m_CorrespondingSourceObject: {fileID: 0}
  m_PrefabInstance: {fileID: 0}
  m_PrefabAsset: {fileID: 0}
  m_GameObject: {fileID: 5967454880642340096}
  m_Enabled: 1
  m_EditorHideFlags: 0
  m_Script: {fileID: 11500000, guid: 8867b2a3ac655ad44bf7d98de54f62b7, type: 3}
  m_Name: 
  m_EditorClassIdentifier: 
--- !u!114 &7448869481400733852
MonoBehaviour:
  m_ObjectHideFlags: 0
  m_CorrespondingSourceObject: {fileID: 0}
  m_PrefabInstance: {fileID: 0}
  m_PrefabAsset: {fileID: 0}
  m_GameObject: {fileID: 5967454880642340096}
  m_Enabled: 1
  m_EditorHideFlags: 0
  m_Script: {fileID: 11500000, guid: 4f5b3a9ecb25ada4fbb16b9a9310ac7a, type: 3}
  m_Name: 
  m_EditorClassIdentifier: 
  reflectPower: 2
  relatedObj: {fileID: 5967454880295105760}
--- !u!54 &5967454879465141366
Rigidbody:
  m_ObjectHideFlags: 0
  m_CorrespondingSourceObject: {fileID: 0}
  m_PrefabInstance: {fileID: 0}
  m_PrefabAsset: {fileID: 0}
  m_GameObject: {fileID: 7388827432785362913}
  serializedVersion: 2
  m_Mass: 4.375
  m_Drag: 0
  m_AngularDrag: 0.05
  m_UseGravity: 1
  m_IsKinematic: 0
  m_Interpolate: 0
  m_Constraints: 0
  m_CollisionDetection: 1
--- !u!136 &5967454879465141368
CapsuleCollider:
  m_ObjectHideFlags: 0
  m_CorrespondingSourceObject: {fileID: 0}
  m_PrefabInstance: {fileID: 0}
  m_PrefabAsset: {fileID: 0}
  m_GameObject: {fileID: 7388827432785362913}
  m_Material: {fileID: 13400000, guid: ca729f5f06fe6b64082fb0012e0f2e3e, type: 2}
  m_IsTrigger: 0
  m_Enabled: 1
  m_Radius: 0.0696038
  m_Height: 0.2784152
  m_Direction: 0
  m_Center: {x: 0.1392076, y: 0, z: 0}
--- !u!144 &5967454879465141369
CharacterJoint:
  m_ObjectHideFlags: 0
  m_CorrespondingSourceObject: {fileID: 0}
  m_PrefabInstance: {fileID: 0}
  m_PrefabAsset: {fileID: 0}
  m_GameObject: {fileID: 7388827432785362913}
  m_ConnectedBody: {fileID: 5967454881083750478}
  m_Anchor: {x: 0, y: 0, z: 0}
  m_Axis: {x: 0, y: 1, z: 0}
  m_AutoConfigureConnectedAnchor: 1
  m_ConnectedAnchor: {x: 0.15162814, y: 0.29604846, z: -0.07234313}
  serializedVersion: 2
  m_SwingAxis: {x: 0, y: 0, z: 1}
  m_TwistLimitSpring:
    spring: 0
    damper: 0
  m_LowTwistLimit:
    limit: -70
    bounciness: 0
    contactDistance: 0
  m_HighTwistLimit:
    limit: 10
    bounciness: 0
    contactDistance: 0
  m_SwingLimitSpring:
    spring: 0
    damper: 0
  m_Swing1Limit:
    limit: 50
    bounciness: 0
    contactDistance: 0
  m_Swing2Limit:
    limit: 0
    bounciness: 0
    contactDistance: 0
  m_EnableProjection: 0
  m_ProjectionDistance: 0.1
  m_ProjectionAngle: 180
  m_BreakForce: Infinity
  m_BreakTorque: Infinity
  m_EnableCollision: 0
  m_EnablePreprocessing: 0
  m_MassScale: 1
  m_ConnectedMassScale: 1
--- !u!54 &5967454880002827886
Rigidbody:
  m_ObjectHideFlags: 0
  m_CorrespondingSourceObject: {fileID: 0}
  m_PrefabInstance: {fileID: 0}
  m_PrefabAsset: {fileID: 0}
  m_GameObject: {fileID: 7623037445926180477}
  serializedVersion: 2
  m_Mass: 6.5625
  m_Drag: 0
  m_AngularDrag: 0.05
  m_UseGravity: 1
  m_IsKinematic: 0
  m_Interpolate: 0
  m_Constraints: 0
  m_CollisionDetection: 1
--- !u!136 &5967454880002832785
CapsuleCollider:
  m_ObjectHideFlags: 0
  m_CorrespondingSourceObject: {fileID: 0}
  m_PrefabInstance: {fileID: 0}
  m_PrefabAsset: {fileID: 0}
  m_GameObject: {fileID: 7623037445926180477}
  m_Material: {fileID: 13400000, guid: ca729f5f06fe6b64082fb0012e0f2e3e, type: 2}
  m_IsTrigger: 0
  m_Enabled: 1
  m_Radius: 0.09
  m_Height: 0.5314154
  m_Direction: 1
  m_Center: {x: -0.04, y: -0.2657077, z: 0}
--- !u!144 &5967454880002827887
CharacterJoint:
  m_ObjectHideFlags: 0
  m_CorrespondingSourceObject: {fileID: 0}
  m_PrefabInstance: {fileID: 0}
  m_PrefabAsset: {fileID: 0}
  m_GameObject: {fileID: 7623037445926180477}
  m_ConnectedBody: {fileID: 5967454880501073081}
  m_Anchor: {x: 0, y: 0, z: 0}
  m_Axis: {x: 1, y: 0, z: 0}
  m_AutoConfigureConnectedAnchor: 1
  m_ConnectedAnchor: {x: 0.000000007707399, y: -0.44370472, z: 0.0028461947}
  serializedVersion: 2
  m_SwingAxis: {x: 0, y: 0, z: 1}
  m_TwistLimitSpring:
    spring: 0
    damper: 0
  m_LowTwistLimit:
    limit: -80
    bounciness: 0
    contactDistance: 0
  m_HighTwistLimit:
    limit: 0
    bounciness: 0
    contactDistance: 0
  m_SwingLimitSpring:
    spring: 0
    damper: 0
  m_Swing1Limit:
    limit: 0
    bounciness: 0
    contactDistance: 0
  m_Swing2Limit:
    limit: 0
    bounciness: 0
    contactDistance: 0
  m_EnableProjection: 0
  m_ProjectionDistance: 0.1
  m_ProjectionAngle: 180
  m_BreakForce: Infinity
  m_BreakTorque: Infinity
  m_EnableCollision: 0
  m_EnablePreprocessing: 0
  m_MassScale: 1
  m_ConnectedMassScale: 1
--- !u!54 &5967454879661578986
Rigidbody:
  m_ObjectHideFlags: 0
  m_CorrespondingSourceObject: {fileID: 0}
  m_PrefabInstance: {fileID: 0}
  m_PrefabAsset: {fileID: 0}
  m_GameObject: {fileID: 8017077695684087592}
  serializedVersion: 2
  m_Mass: 4.375
  m_Drag: 0
  m_AngularDrag: 0.05
  m_UseGravity: 1
  m_IsKinematic: 0
  m_Interpolate: 0
  m_Constraints: 0
  m_CollisionDetection: 1
--- !u!135 &5967454879661578989
SphereCollider:
  m_ObjectHideFlags: 0
  m_CorrespondingSourceObject: {fileID: 0}
  m_PrefabInstance: {fileID: 0}
  m_PrefabAsset: {fileID: 0}
  m_GameObject: {fileID: 8017077695684087592}
  m_Material: {fileID: 13400000, guid: ca729f5f06fe6b64082fb0012e0f2e3e, type: 2}
  m_IsTrigger: 0
  m_Enabled: 1
  serializedVersion: 2
  m_Radius: 0.1
  m_Center: {x: 0, y: 0.075814076, z: 0}
--- !u!144 &5967454879661578987
CharacterJoint:
  m_ObjectHideFlags: 0
  m_CorrespondingSourceObject: {fileID: 0}
  m_PrefabInstance: {fileID: 0}
  m_PrefabAsset: {fileID: 0}
  m_GameObject: {fileID: 8017077695684087592}
  m_ConnectedBody: {fileID: 5967454881083750478}
  m_Anchor: {x: 0, y: 0, z: 0}
  m_Axis: {x: 1, y: 0, z: 0}
  m_AutoConfigureConnectedAnchor: 1
  m_ConnectedAnchor: {x: -0.000000009080736, y: 0.4547301, z: -0.03205374}
  serializedVersion: 2
  m_SwingAxis: {x: 0, y: 0, z: 1}
  m_TwistLimitSpring:
    spring: 0
    damper: 0
  m_LowTwistLimit:
    limit: -40
    bounciness: 0
    contactDistance: 0
  m_HighTwistLimit:
    limit: 25
    bounciness: 0
    contactDistance: 0
  m_SwingLimitSpring:
    spring: 0
    damper: 0
  m_Swing1Limit:
    limit: 25
    bounciness: 0
    contactDistance: 0
  m_Swing2Limit:
    limit: 0
    bounciness: 0
    contactDistance: 0
  m_EnableProjection: 0
  m_ProjectionDistance: 0.1
  m_ProjectionAngle: 180
  m_BreakForce: Infinity
  m_BreakTorque: Infinity
  m_EnableCollision: 0
  m_EnablePreprocessing: 0
  m_MassScale: 1
  m_ConnectedMassScale: 1
--- !u!54 &5967454880255108172
Rigidbody:
  m_ObjectHideFlags: 0
  m_CorrespondingSourceObject: {fileID: 0}
  m_PrefabInstance: {fileID: 0}
  m_PrefabAsset: {fileID: 0}
  m_GameObject: {fileID: 8251923064064820631}
  serializedVersion: 2
  m_Mass: 6.5625
  m_Drag: 0
  m_AngularDrag: 0.05
  m_UseGravity: 1
  m_IsKinematic: 0
  m_Interpolate: 0
  m_Constraints: 0
  m_CollisionDetection: 1
--- !u!136 &5967454880255108174
CapsuleCollider:
  m_ObjectHideFlags: 0
  m_CorrespondingSourceObject: {fileID: 0}
  m_PrefabInstance: {fileID: 0}
  m_PrefabAsset: {fileID: 0}
  m_GameObject: {fileID: 8251923064064820631}
  m_Material: {fileID: 13400000, guid: ca729f5f06fe6b64082fb0012e0f2e3e, type: 2}
  m_IsTrigger: 0
  m_Enabled: 1
  m_Radius: 0.09
  m_Height: 0.44370478
  m_Direction: 1
  m_Center: {x: 0.04, y: -0.22185239, z: 0}
--- !u!144 &5967454880255108175
CharacterJoint:
  m_ObjectHideFlags: 0
  m_CorrespondingSourceObject: {fileID: 0}
  m_PrefabInstance: {fileID: 0}
  m_PrefabAsset: {fileID: 0}
  m_GameObject: {fileID: 8251923064064820631}
  m_ConnectedBody: {fileID: 5967454880295105760}
  m_Anchor: {x: 0, y: 0, z: 0}
  m_Axis: {x: 1, y: 0, z: 0}
  m_AutoConfigureConnectedAnchor: 1
  m_ConnectedAnchor: {x: 0.08207796, y: -0.067516625, z: -0.015995674}
  serializedVersion: 2
  m_SwingAxis: {x: 0, y: 0, z: 1}
  m_TwistLimitSpring:
    spring: 0
    damper: 0
  m_LowTwistLimit:
    limit: -20
    bounciness: 0
    contactDistance: 0
  m_HighTwistLimit:
    limit: 70
    bounciness: 0
    contactDistance: 0
  m_SwingLimitSpring:
    spring: 0
    damper: 0
  m_Swing1Limit:
    limit: 30
    bounciness: 0
    contactDistance: 0
  m_Swing2Limit:
    limit: 0
    bounciness: 0
    contactDistance: 0
  m_EnableProjection: 0
  m_ProjectionDistance: 0.1
  m_ProjectionAngle: 180
  m_BreakForce: Infinity
  m_BreakTorque: Infinity
  m_EnableCollision: 0
  m_EnablePreprocessing: 0
  m_MassScale: 1
  m_ConnectedMassScale: 1
--- !u!54 &5967454879301688559
Rigidbody:
  m_ObjectHideFlags: 0
  m_CorrespondingSourceObject: {fileID: 0}
  m_PrefabInstance: {fileID: 0}
  m_PrefabAsset: {fileID: 0}
  m_GameObject: {fileID: 8602121717320406993}
  serializedVersion: 2
  m_Mass: 4.375
  m_Drag: 0
  m_AngularDrag: 0.05
  m_UseGravity: 1
  m_IsKinematic: 0
  m_Interpolate: 0
  m_Constraints: 0
  m_CollisionDetection: 1
--- !u!136 &5967454879301688558
CapsuleCollider:
  m_ObjectHideFlags: 0
  m_CorrespondingSourceObject: {fileID: 0}
  m_PrefabInstance: {fileID: 0}
  m_PrefabAsset: {fileID: 0}
  m_GameObject: {fileID: 8602121717320406993}
  m_Material: {fileID: 13400000, guid: ca729f5f06fe6b64082fb0012e0f2e3e, type: 2}
  m_IsTrigger: 0
  m_Enabled: 1
  m_Radius: 0.07
  m_Height: 0.47345304
  m_Direction: 0
  m_Center: {x: -0.23672652, y: 0, z: 0}
--- !u!144 &5967454879301688556
CharacterJoint:
  m_ObjectHideFlags: 0
  m_CorrespondingSourceObject: {fileID: 0}
  m_PrefabInstance: {fileID: 0}
  m_PrefabAsset: {fileID: 0}
  m_GameObject: {fileID: 8602121717320406993}
  m_ConnectedBody: {fileID: 5967454880667601795}
  m_Anchor: {x: 0, y: 0, z: 0}
  m_Axis: {x: 0, y: 0, z: 1}
  m_AutoConfigureConnectedAnchor: 1
  m_ConnectedAnchor: {x: -0.2784152, y: -0.0000008536965, z: 0.00000016018748}
  serializedVersion: 2
  m_SwingAxis: {x: 0, y: 1, z: 0}
  m_TwistLimitSpring:
    spring: 0
    damper: 0
  m_LowTwistLimit:
    limit: -90
    bounciness: 0
    contactDistance: 0
  m_HighTwistLimit:
    limit: 0
    bounciness: 0
    contactDistance: 0
  m_SwingLimitSpring:
    spring: 0
    damper: 0
  m_Swing1Limit:
    limit: 0
    bounciness: 0
    contactDistance: 0
  m_Swing2Limit:
    limit: 0
    bounciness: 0
    contactDistance: 0
  m_EnableProjection: 0
  m_ProjectionDistance: 0.1
  m_ProjectionAngle: 180
  m_BreakForce: Infinity
  m_BreakTorque: Infinity
  m_EnableCollision: 0
  m_EnablePreprocessing: 0
  m_MassScale: 1
  m_ConnectedMassScale: 1
--- !u!54 &5967454880667601795
Rigidbody:
  m_ObjectHideFlags: 0
  m_CorrespondingSourceObject: {fileID: 0}
  m_PrefabInstance: {fileID: 0}
  m_PrefabAsset: {fileID: 0}
  m_GameObject: {fileID: 8640316339953667285}
  serializedVersion: 2
  m_Mass: 4.375
  m_Drag: 0
  m_AngularDrag: 0.05
  m_UseGravity: 1
  m_IsKinematic: 0
  m_Interpolate: 0
  m_Constraints: 0
  m_CollisionDetection: 1
--- !u!136 &5967454880667601797
CapsuleCollider:
  m_ObjectHideFlags: 0
  m_CorrespondingSourceObject: {fileID: 0}
  m_PrefabInstance: {fileID: 0}
  m_PrefabAsset: {fileID: 0}
  m_GameObject: {fileID: 8640316339953667285}
  m_Material: {fileID: 13400000, guid: ca729f5f06fe6b64082fb0012e0f2e3e, type: 2}
  m_IsTrigger: 0
  m_Enabled: 1
  m_Radius: 0.0696038
  m_Height: 0.2784152
  m_Direction: 0
  m_Center: {x: -0.1392076, y: 0, z: 0}
--- !u!144 &5967454880667601794
CharacterJoint:
  m_ObjectHideFlags: 0
  m_CorrespondingSourceObject: {fileID: 0}
  m_PrefabInstance: {fileID: 0}
  m_PrefabAsset: {fileID: 0}
  m_GameObject: {fileID: 8640316339953667285}
  m_ConnectedBody: {fileID: 5967454881083750478}
  m_Anchor: {x: 0, y: 0, z: 0}
  m_Axis: {x: 0, y: 1, z: 0}
  m_AutoConfigureConnectedAnchor: 1
  m_ConnectedAnchor: {x: -0.15162817, y: 0.2960487, z: -0.07234313}
  serializedVersion: 2
  m_SwingAxis: {x: 0, y: 0, z: 1}
  m_TwistLimitSpring:
    spring: 0
    damper: 0
  m_LowTwistLimit:
    limit: -70
    bounciness: 0
    contactDistance: 0
  m_HighTwistLimit:
    limit: 10
    bounciness: 0
    contactDistance: 0
  m_SwingLimitSpring:
    spring: 0
    damper: 0
  m_Swing1Limit:
    limit: 50
    bounciness: 0
    contactDistance: 0
  m_Swing2Limit:
    limit: 0
    bounciness: 0
    contactDistance: 0
  m_EnableProjection: 0
  m_ProjectionDistance: 0.1
  m_ProjectionAngle: 180
  m_BreakForce: Infinity
  m_BreakTorque: Infinity
  m_EnableCollision: 0
  m_EnablePreprocessing: 0
  m_MassScale: 1
  m_ConnectedMassScale: 1
--- !u!1001 &5967454880940885589
PrefabInstance:
  m_ObjectHideFlags: 0
  serializedVersion: 2
  m_Modification:
    m_TransformParent: {fileID: 5967454880642340102}
    m_Modifications:
    - target: {fileID: -6057140222963153312, guid: 00941ebefa7f8c9498d37d56bc82edc1,
        type: 3}
      propertyPath: m_Controller
      value: 
      objectReference: {fileID: 9100000, guid: c8a85751e3da47f4388f8b7b9fd0602f, type: 2}
    - target: {fileID: -6057140222963153312, guid: 00941ebefa7f8c9498d37d56bc82edc1,
        type: 3}
      propertyPath: m_WarningMessage
      value: "\nBinding warning: Some generic clip(s) animate transforms that are
        already bound by a Humanoid avatar. These transforms can only be changed
        by Humanoid clips.\n\tTransform 'mixamorig:Hips'\n\tTransform 'mixamorig:Hips'\n\tFrom
        animation clip 'Jump In'"
      objectReference: {fileID: 0}
    - target: {fileID: -6057140222963153312, guid: 00941ebefa7f8c9498d37d56bc82edc1,
        type: 3}
      propertyPath: m_ApplyRootMotion
      value: 0
      objectReference: {fileID: 0}
    - target: {fileID: -4216859302048453862, guid: 00941ebefa7f8c9498d37d56bc82edc1,
        type: 3}
      propertyPath: m_RootOrder
      value: 0
      objectReference: {fileID: 0}
    - target: {fileID: -4216859302048453862, guid: 00941ebefa7f8c9498d37d56bc82edc1,
        type: 3}
      propertyPath: m_LocalPosition.x
      value: 0
      objectReference: {fileID: 0}
    - target: {fileID: -4216859302048453862, guid: 00941ebefa7f8c9498d37d56bc82edc1,
        type: 3}
      propertyPath: m_LocalPosition.y
      value: 0
      objectReference: {fileID: 0}
    - target: {fileID: -4216859302048453862, guid: 00941ebefa7f8c9498d37d56bc82edc1,
        type: 3}
      propertyPath: m_LocalPosition.z
      value: 0
      objectReference: {fileID: 0}
    - target: {fileID: -4216859302048453862, guid: 00941ebefa7f8c9498d37d56bc82edc1,
        type: 3}
      propertyPath: m_LocalRotation.w
      value: 1
      objectReference: {fileID: 0}
    - target: {fileID: -4216859302048453862, guid: 00941ebefa7f8c9498d37d56bc82edc1,
        type: 3}
      propertyPath: m_LocalRotation.x
      value: -0
      objectReference: {fileID: 0}
    - target: {fileID: -4216859302048453862, guid: 00941ebefa7f8c9498d37d56bc82edc1,
        type: 3}
      propertyPath: m_LocalRotation.y
      value: -0
      objectReference: {fileID: 0}
    - target: {fileID: -4216859302048453862, guid: 00941ebefa7f8c9498d37d56bc82edc1,
        type: 3}
      propertyPath: m_LocalRotation.z
      value: -0
      objectReference: {fileID: 0}
    - target: {fileID: -4216859302048453862, guid: 00941ebefa7f8c9498d37d56bc82edc1,
        type: 3}
      propertyPath: m_LocalEulerAnglesHint.x
      value: 0
      objectReference: {fileID: 0}
    - target: {fileID: -4216859302048453862, guid: 00941ebefa7f8c9498d37d56bc82edc1,
        type: 3}
      propertyPath: m_LocalEulerAnglesHint.y
      value: 0
      objectReference: {fileID: 0}
    - target: {fileID: -4216859302048453862, guid: 00941ebefa7f8c9498d37d56bc82edc1,
        type: 3}
      propertyPath: m_LocalEulerAnglesHint.z
      value: 0
      objectReference: {fileID: 0}
    - target: {fileID: -927199367670048503, guid: 00941ebefa7f8c9498d37d56bc82edc1,
        type: 3}
      propertyPath: m_Name
      value: Rag Doll
      objectReference: {fileID: 0}
    - target: {fileID: -927199367670048503, guid: 00941ebefa7f8c9498d37d56bc82edc1,
        type: 3}
      propertyPath: m_IsActive
      value: 1
      objectReference: {fileID: 0}
    - target: {fileID: 2135624897131870642, guid: 00941ebefa7f8c9498d37d56bc82edc1,
        type: 3}
      propertyPath: m_Materials.Array.data[0]
      value: 
      objectReference: {fileID: -2653651044934150266, guid: 93212ba6a4076b549aa1819c9216b760,
        type: 3}
    m_RemovedComponents: []
  m_SourcePrefab: {fileID: 100100000, guid: 00941ebefa7f8c9498d37d56bc82edc1, type: 3}
--- !u!4 &1705206566321302863 stripped
Transform:
  m_CorrespondingSourceObject: {fileID: -4216859302048453862, guid: 00941ebefa7f8c9498d37d56bc82edc1,
    type: 3}
  m_PrefabInstance: {fileID: 5967454880940885589}
  m_PrefabAsset: {fileID: 0}
--- !u!1 &3134912929606202569 stripped
GameObject:
  m_CorrespondingSourceObject: {fileID: 8742008233500340892, guid: 00941ebefa7f8c9498d37d56bc82edc1,
    type: 3}
  m_PrefabInstance: {fileID: 5967454880940885589}
  m_PrefabAsset: {fileID: 0}
--- !u!1 &524780262407747766 stripped
GameObject:
  m_CorrespondingSourceObject: {fileID: 6167904293427101411, guid: 00941ebefa7f8c9498d37d56bc82edc1,
    type: 3}
  m_PrefabInstance: {fileID: 5967454880940885589}
  m_PrefabAsset: {fileID: 0}
--- !u!1 &7388827432785362913 stripped
GameObject:
  m_CorrespondingSourceObject: {fileID: 3772551937752447412, guid: 00941ebefa7f8c9498d37d56bc82edc1,
    type: 3}
  m_PrefabInstance: {fileID: 5967454880940885589}
  m_PrefabAsset: {fileID: 0}
--- !u!1 &8602121717320406993 stripped
GameObject:
  m_CorrespondingSourceObject: {fileID: -6507621502745489020, guid: 00941ebefa7f8c9498d37d56bc82edc1,
    type: 3}
  m_PrefabInstance: {fileID: 5967454880940885589}
  m_PrefabAsset: {fileID: 0}
--- !u!1 &8251923064064820631 stripped
GameObject:
  m_CorrespondingSourceObject: {fileID: 2329505420794184642, guid: 00941ebefa7f8c9498d37d56bc82edc1,
    type: 3}
  m_PrefabInstance: {fileID: 5967454880940885589}
  m_PrefabAsset: {fileID: 0}
--- !u!1 &7623037445926180477 stripped
GameObject:
  m_CorrespondingSourceObject: {fileID: -4964426168678133720, guid: 00941ebefa7f8c9498d37d56bc82edc1,
    type: 3}
  m_PrefabInstance: {fileID: 5967454880940885589}
  m_PrefabAsset: {fileID: 0}
--- !u!1 &2770133751929150004 stripped
GameObject:
  m_CorrespondingSourceObject: {fileID: -819139046232449951, guid: 00941ebefa7f8c9498d37d56bc82edc1,
    type: 3}
  m_PrefabInstance: {fileID: 5967454880940885589}
  m_PrefabAsset: {fileID: 0}
--- !u!1 &918811225929321052 stripped
GameObject:
  m_CorrespondingSourceObject: {fileID: -2445193559103534071, guid: 00941ebefa7f8c9498d37d56bc82edc1,
    type: 3}
  m_PrefabInstance: {fileID: 5967454880940885589}
  m_PrefabAsset: {fileID: 0}
--- !u!1 &4833448515834547101 stripped
GameObject:
  m_CorrespondingSourceObject: {fileID: -7943378556525867576, guid: 00941ebefa7f8c9498d37d56bc82edc1,
    type: 3}
  m_PrefabInstance: {fileID: 5967454880940885589}
  m_PrefabAsset: {fileID: 0}
--- !u!1 &8640316339953667285 stripped
GameObject:
  m_CorrespondingSourceObject: {fileID: 2681956757778336384, guid: 00941ebefa7f8c9498d37d56bc82edc1,
    type: 3}
  m_PrefabInstance: {fileID: 5967454880940885589}
  m_PrefabAsset: {fileID: 0}
--- !u!1 &8017077695684087592 stripped
GameObject:
  m_CorrespondingSourceObject: {fileID: 4436829760782469501, guid: 00941ebefa7f8c9498d37d56bc82edc1,
    type: 3}
  m_PrefabInstance: {fileID: 5967454880940885589}
  m_PrefabAsset: {fileID: 0}
