%YAML 1.1
%TAG !u! tag:unity3d.com,2011:
--- !u!1 &286114809665140071
GameObject:
  m_ObjectHideFlags: 0
  m_CorrespondingSourceObject: {fileID: 0}
  m_PrefabInstance: {fileID: 0}
  m_PrefabAsset: {fileID: 0}
  serializedVersion: 6
  m_Component:
  - component: {fileID: 1766855099482579601}
  m_Layer: 0
  m_Name: mixamorig:RightToeBase
  m_TagString: Untagged
  m_Icon: {fileID: 0}
  m_NavMeshLayer: 0
  m_StaticEditorFlags: 0
  m_IsActive: 1
--- !u!4 &1766855099482579601
Transform:
  m_ObjectHideFlags: 0
  m_CorrespondingSourceObject: {fileID: 0}
  m_PrefabInstance: {fileID: 0}
  m_PrefabAsset: {fileID: 0}
  m_GameObject: {fileID: 286114809665140071}
  m_LocalRotation: {x: 0.000000014650141, y: 6.5304206e-11, z: -3.3796616e-12, w: 1}
  m_LocalPosition: {x: 0.00000002360438, y: -0.08728669, z: 0.107105605}
  m_LocalScale: {x: 1, y: 1, z: 1}
  m_Children:
  - {fileID: 939325339314379460}
  m_Father: {fileID: 5576589201741814584}
  m_RootOrder: 0
  m_LocalEulerAnglesHint: {x: 0, y: 0, z: 0}
--- !u!1 &361734225974232251
GameObject:
  m_ObjectHideFlags: 0
  m_CorrespondingSourceObject: {fileID: 0}
  m_PrefabInstance: {fileID: 0}
  m_PrefabAsset: {fileID: 0}
  serializedVersion: 6
  m_Component:
  - component: {fileID: 8278988282174079558}
  m_Layer: 0
  m_Name: mixamorig:LeftFoot
  m_TagString: Untagged
  m_Icon: {fileID: 0}
  m_NavMeshLayer: 0
  m_StaticEditorFlags: 0
  m_IsActive: 1
--- !u!4 &8278988282174079558
Transform:
  m_ObjectHideFlags: 0
  m_CorrespondingSourceObject: {fileID: 0}
  m_PrefabInstance: {fileID: 0}
  m_PrefabAsset: {fileID: 0}
  m_GameObject: {fileID: 361734225974232251}
  m_LocalRotation: {x: -0.000698081, y: 0, z: 0, w: 0.99999976}
  m_LocalPosition: {x: -0.0000000047163935, y: -0.44427872, z: -0.029821906}
  m_LocalScale: {x: 1, y: 1, z: 1}
  m_Children:
  - {fileID: 8274672565432454525}
  m_Father: {fileID: 4438304724165263057}
  m_RootOrder: 0
  m_LocalEulerAnglesHint: {x: -0.080000006, y: 0, z: 0}
--- !u!1 &403456486525170075
GameObject:
  m_ObjectHideFlags: 0
  m_CorrespondingSourceObject: {fileID: 0}
  m_PrefabInstance: {fileID: 0}
  m_PrefabAsset: {fileID: 0}
  serializedVersion: 6
  m_Component:
  - component: {fileID: 3406004107787130323}
  m_Layer: 0
  m_Name: mixamorig:RightHandThumb3
  m_TagString: Untagged
  m_Icon: {fileID: 0}
  m_NavMeshLayer: 0
  m_StaticEditorFlags: 0
  m_IsActive: 1
--- !u!4 &3406004107787130323
Transform:
  m_ObjectHideFlags: 0
  m_CorrespondingSourceObject: {fileID: 0}
  m_PrefabInstance: {fileID: 0}
  m_PrefabAsset: {fileID: 0}
  m_GameObject: {fileID: 403456486525170075}
  m_LocalRotation: {x: 0.000000029804987, y: 0.000010714707, z: 0.000010640214, w: 1}
  m_LocalPosition: {x: 0.02652605, y: -0.015314492, z: 0.015314456}
  m_LocalScale: {x: 1, y: 1, z: 1}
  m_Children:
  - {fileID: 107690667372557373}
  m_Father: {fileID: 7698088466328018194}
  m_RootOrder: 0
  m_LocalEulerAnglesHint: {x: 0, y: 0, z: 0}
--- !u!1 &636837853555910621
GameObject:
  m_ObjectHideFlags: 0
  m_CorrespondingSourceObject: {fileID: 0}
  m_PrefabInstance: {fileID: 0}
  m_PrefabAsset: {fileID: 0}
  serializedVersion: 6
  m_Component:
  - component: {fileID: 1243768960437013273}
  m_Layer: 0
  m_Name: mixamorig:LeftHandMiddle2
  m_TagString: Untagged
  m_Icon: {fileID: 0}
  m_NavMeshLayer: 0
  m_StaticEditorFlags: 0
  m_IsActive: 1
--- !u!4 &1243768960437013273
Transform:
  m_ObjectHideFlags: 0
  m_CorrespondingSourceObject: {fileID: 0}
  m_PrefabInstance: {fileID: 0}
  m_PrefabAsset: {fileID: 0}
  m_GameObject: {fileID: 636837853555910621}
  m_LocalRotation: {x: -0.0000000149011585, y: 0.000000014901165, z: -6.7261296e-12,
    w: 1}
  m_LocalPosition: {x: -0.036982365, y: 0.00000001961359, z: 0.00000017916967}
  m_LocalScale: {x: 1, y: 1, z: 1}
  m_Children:
  - {fileID: 6104602555089397289}
  m_Father: {fileID: 8513738134316473419}
  m_RootOrder: 0
  m_LocalEulerAnglesHint: {x: 0, y: 0, z: 0}
--- !u!1 &732052193669987244
GameObject:
  m_ObjectHideFlags: 0
  m_CorrespondingSourceObject: {fileID: 0}
  m_PrefabInstance: {fileID: 0}
  m_PrefabAsset: {fileID: 0}
  serializedVersion: 6
  m_Component:
  - component: {fileID: 3388686633478869068}
  m_Layer: 0
  m_Name: mixamorig:HeadTop_End
  m_TagString: Untagged
  m_Icon: {fileID: 0}
  m_NavMeshLayer: 0
  m_StaticEditorFlags: 0
  m_IsActive: 1
--- !u!4 &3388686633478869068
Transform:
  m_ObjectHideFlags: 0
  m_CorrespondingSourceObject: {fileID: 0}
  m_PrefabInstance: {fileID: 0}
  m_PrefabAsset: {fileID: 0}
  m_GameObject: {fileID: 732052193669987244}
  m_LocalRotation: {x: 0, y: -0, z: -0, w: 1}
  m_LocalPosition: {x: 0.0000000065082415, y: 0.17815155, z: 0.025849855}
  m_LocalScale: {x: 1, y: 1, z: 1}
  m_Children: []
  m_Father: {fileID: 5564340548838596297}
  m_RootOrder: 0
  m_LocalEulerAnglesHint: {x: 0, y: 0, z: 0}
--- !u!1 &1164554702632895094
GameObject:
  m_ObjectHideFlags: 0
  m_CorrespondingSourceObject: {fileID: 0}
  m_PrefabInstance: {fileID: 0}
  m_PrefabAsset: {fileID: 0}
  serializedVersion: 6
  m_Component:
  - component: {fileID: 7298419205308119137}
  m_Layer: 0
  m_Name: mixamorig:RightHandMiddle3
  m_TagString: Untagged
  m_Icon: {fileID: 0}
  m_NavMeshLayer: 0
  m_StaticEditorFlags: 0
  m_IsActive: 1
--- !u!4 &7298419205308119137
Transform:
  m_ObjectHideFlags: 0
  m_CorrespondingSourceObject: {fileID: 0}
  m_PrefabInstance: {fileID: 0}
  m_PrefabAsset: {fileID: 0}
  m_GameObject: {fileID: 1164554702632895094}
  m_LocalRotation: {x: 0.000000059603845, y: 0.000017673352, z: 0.00000004469067,
    w: 1}
  m_LocalPosition: {x: 0.029509215, y: -0.000000003113245, z: -0.0000000030340255}
  m_LocalScale: {x: 1, y: 1, z: 1}
  m_Children:
  - {fileID: 1466733114589045892}
  m_Father: {fileID: 2885211650992313061}
  m_RootOrder: 0
  m_LocalEulerAnglesHint: {x: 0, y: 0, z: 0}
--- !u!1 &1217338580061097797
GameObject:
  m_ObjectHideFlags: 0
  m_CorrespondingSourceObject: {fileID: 0}
  m_PrefabInstance: {fileID: 0}
  m_PrefabAsset: {fileID: 0}
  serializedVersion: 6
  m_Component:
  - component: {fileID: 215137175210936513}
  m_Layer: 0
  m_Name: mixamorig:RightForeArm
  m_TagString: Untagged
  m_Icon: {fileID: 0}
  m_NavMeshLayer: 0
  m_StaticEditorFlags: 0
  m_IsActive: 1
--- !u!4 &215137175210936513
Transform:
  m_ObjectHideFlags: 0
  m_CorrespondingSourceObject: {fileID: 0}
  m_PrefabInstance: {fileID: 0}
  m_PrefabAsset: {fileID: 0}
  m_GameObject: {fileID: 1217338580061097797}
  m_LocalRotation: {x: -0.000000059604638, y: 0.0000017611261, z: -1.09214605e-13,
    w: 1}
  m_LocalPosition: {x: 0.2784152, y: -0.00000033079218, z: 0.000000116763104}
  m_LocalScale: {x: 1, y: 1, z: 1}
  m_Children:
  - {fileID: 3966035080195178333}
  m_Father: {fileID: 4493133898254128473}
  m_RootOrder: 0
  m_LocalEulerAnglesHint: {x: 0, y: 0, z: 0}
--- !u!1 &1259478133927792001
GameObject:
  m_ObjectHideFlags: 0
  m_CorrespondingSourceObject: {fileID: 0}
  m_PrefabInstance: {fileID: 0}
  m_PrefabAsset: {fileID: 0}
  serializedVersion: 6
  m_Component:
  - component: {fileID: 1737378296743522351}
  m_Layer: 0
  m_Name: mixamorig:LeftEye
  m_TagString: Untagged
  m_Icon: {fileID: 0}
  m_NavMeshLayer: 0
  m_StaticEditorFlags: 0
  m_IsActive: 1
--- !u!4 &1737378296743522351
Transform:
  m_ObjectHideFlags: 0
  m_CorrespondingSourceObject: {fileID: 0}
  m_PrefabInstance: {fileID: 0}
  m_PrefabAsset: {fileID: 0}
  m_GameObject: {fileID: 1259478133927792001}
  m_LocalRotation: {x: 0, y: -0, z: -0, w: 1}
  m_LocalPosition: {x: -0.030675607, y: 0.06409507, z: 0.09283554}
  m_LocalScale: {x: 1, y: 1, z: 1}
  m_Children: []
  m_Father: {fileID: 5564340548838596297}
  m_RootOrder: 1
  m_LocalEulerAnglesHint: {x: 0, y: 0, z: 0}
--- !u!1 &1458611487583693492
GameObject:
  m_ObjectHideFlags: 0
  m_CorrespondingSourceObject: {fileID: 0}
  m_PrefabInstance: {fileID: 0}
  m_PrefabAsset: {fileID: 0}
  serializedVersion: 6
  m_Component:
  - component: {fileID: 2435806406975051117}
  m_Layer: 0
  m_Name: mixamorig:LeftHandRing3
  m_TagString: Untagged
  m_Icon: {fileID: 0}
  m_NavMeshLayer: 0
  m_StaticEditorFlags: 0
  m_IsActive: 1
--- !u!4 &2435806406975051117
Transform:
  m_ObjectHideFlags: 0
  m_CorrespondingSourceObject: {fileID: 0}
  m_PrefabInstance: {fileID: 0}
  m_PrefabAsset: {fileID: 0}
  m_GameObject: {fileID: 1458611487583693492}
  m_LocalRotation: {x: 0.00000005960463, y: -0.0000000148944315, z: 0.000000014907876,
    w: 1}
  m_LocalPosition: {x: -0.029376723, y: -0.00000045458617, z: -0.00000006864757}
  m_LocalScale: {x: 1, y: 1, z: 1}
  m_Children:
  - {fileID: 8181138061496923921}
  m_Father: {fileID: 665025022316831867}
  m_RootOrder: 0
  m_LocalEulerAnglesHint: {x: 0, y: 0, z: 0}
--- !u!1 &1608917409633122164
GameObject:
  m_ObjectHideFlags: 0
  m_CorrespondingSourceObject: {fileID: 0}
  m_PrefabInstance: {fileID: 0}
  m_PrefabAsset: {fileID: 0}
  serializedVersion: 6
  m_Component:
  - component: {fileID: 5576589201741814584}
  m_Layer: 0
  m_Name: mixamorig:RightFoot
  m_TagString: Untagged
  m_Icon: {fileID: 0}
  m_NavMeshLayer: 0
  m_StaticEditorFlags: 0
  m_IsActive: 1
--- !u!4 &5576589201741814584
Transform:
  m_ObjectHideFlags: 0
  m_CorrespondingSourceObject: {fileID: 0}
  m_PrefabInstance: {fileID: 0}
  m_PrefabAsset: {fileID: 0}
  m_GameObject: {fileID: 1608917409633122164}
  m_LocalRotation: {x: -0.0006724375, y: 6.846273e-10, z: -0.000000011323817, w: 0.99999976}
  m_LocalPosition: {x: -0.000000009644582, y: -0.4442773, z: -0.02983789}
  m_LocalScale: {x: 1, y: 1, z: 1}
  m_Children:
  - {fileID: 1766855099482579601}
  m_Father: {fileID: 7891624289994413977}
  m_RootOrder: 0
  m_LocalEulerAnglesHint: {x: 0, y: 0, z: 0}
--- !u!1 &1683594521567592008
GameObject:
  m_ObjectHideFlags: 0
  m_CorrespondingSourceObject: {fileID: 0}
  m_PrefabInstance: {fileID: 0}
  m_PrefabAsset: {fileID: 0}
  serializedVersion: 6
  m_Component:
  - component: {fileID: 918681614514011431}
  m_Layer: 0
  m_Name: mixamorig:RightHandIndex3
  m_TagString: Untagged
  m_Icon: {fileID: 0}
  m_NavMeshLayer: 0
  m_StaticEditorFlags: 0
  m_IsActive: 1
--- !u!4 &918681614514011431
Transform:
  m_ObjectHideFlags: 0
  m_CorrespondingSourceObject: {fileID: 0}
  m_PrefabInstance: {fileID: 0}
  m_PrefabAsset: {fileID: 0}
  m_GameObject: {fileID: 1683594521567592008}
  m_LocalRotation: {x: 0.000000029802319, y: 0.000000014915011, z: 0.000000029795393,
    w: 1}
  m_LocalPosition: {x: 0.028830625, y: -0.00000049601215, z: 0.00000040448975}
  m_LocalScale: {x: 1, y: 1, z: 1}
  m_Children:
  - {fileID: 378133643570971698}
  m_Father: {fileID: 7079050805441926787}
  m_RootOrder: 0
  m_LocalEulerAnglesHint: {x: 0, y: 0, z: 0}
--- !u!1 &1685721250700020269
GameObject:
  m_ObjectHideFlags: 0
  m_CorrespondingSourceObject: {fileID: 0}
  m_PrefabInstance: {fileID: 0}
  m_PrefabAsset: {fileID: 0}
  serializedVersion: 6
  m_Component:
  - component: {fileID: 2395839492978882622}
  - component: {fileID: 5743699839465493828}
  m_Layer: 0
  m_Name: Animator
  m_TagString: Untagged
  m_Icon: {fileID: 0}
  m_NavMeshLayer: 0
  m_StaticEditorFlags: 0
  m_IsActive: 1
--- !u!4 &2395839492978882622
Transform:
  m_ObjectHideFlags: 0
  m_CorrespondingSourceObject: {fileID: 0}
  m_PrefabInstance: {fileID: 0}
  m_PrefabAsset: {fileID: 0}
  m_GameObject: {fileID: 1685721250700020269}
  m_LocalRotation: {x: 0, y: 0, z: 0, w: 1}
  m_LocalPosition: {x: 0, y: 0, z: 0}
  m_LocalScale: {x: 1, y: 1, z: 1}
  m_Children:
  - {fileID: 5843123832040423657}
  - {fileID: 1715592712043607324}
  - {fileID: 2793755408029194936}
  - {fileID: 5994662595550252286}
  m_Father: {fileID: 5994662595168986570}
  m_RootOrder: 0
  m_LocalEulerAnglesHint: {x: 0, y: 0, z: 0}
--- !u!95 &5743699839465493828
Animator:
  serializedVersion: 3
  m_ObjectHideFlags: 0
  m_CorrespondingSourceObject: {fileID: 0}
  m_PrefabInstance: {fileID: 0}
  m_PrefabAsset: {fileID: 0}
  m_GameObject: {fileID: 1685721250700020269}
  m_Enabled: 1
  m_Avatar: {fileID: 9000000, guid: 00941ebefa7f8c9498d37d56bc82edc1, type: 3}
  m_Controller: {fileID: 9100000, guid: c8a85751e3da47f4388f8b7b9fd0602f, type: 2}
  m_CullingMode: 1
  m_UpdateMode: 0
  m_ApplyRootMotion: 0
  m_LinearVelocityBlending: 0
  m_WarningMessage: 
  m_HasTransformHierarchy: 1
  m_AllowConstantClipSamplingOptimization: 1
  m_KeepAnimatorControllerStateOnDisable: 0
--- !u!1 &1736218766701606325
GameObject:
  m_ObjectHideFlags: 0
  m_CorrespondingSourceObject: {fileID: 0}
  m_PrefabInstance: {fileID: 0}
  m_PrefabAsset: {fileID: 0}
  serializedVersion: 6
  m_Component:
  - component: {fileID: 5843123832040423657}
  - component: {fileID: 7773335229344332828}
  m_Layer: 0
  m_Name: Beta_Joints
  m_TagString: Untagged
  m_Icon: {fileID: 0}
  m_NavMeshLayer: 0
  m_StaticEditorFlags: 0
  m_IsActive: 1
--- !u!4 &5843123832040423657
Transform:
  m_ObjectHideFlags: 0
  m_CorrespondingSourceObject: {fileID: 0}
  m_PrefabInstance: {fileID: 0}
  m_PrefabAsset: {fileID: 0}
  m_GameObject: {fileID: 1736218766701606325}
  m_LocalRotation: {x: 0, y: -0, z: -0, w: 1}
  m_LocalPosition: {x: -0, y: 0, z: 0}
  m_LocalScale: {x: 1, y: 1, z: 1}
  m_Children: []
  m_Father: {fileID: 2395839492978882622}
  m_RootOrder: 0
  m_LocalEulerAnglesHint: {x: 0, y: 0, z: 0}
--- !u!137 &7773335229344332828
SkinnedMeshRenderer:
  m_ObjectHideFlags: 0
  m_CorrespondingSourceObject: {fileID: 0}
  m_PrefabInstance: {fileID: 0}
  m_PrefabAsset: {fileID: 0}
  m_GameObject: {fileID: 1736218766701606325}
  m_Enabled: 1
  m_CastShadows: 1
  m_ReceiveShadows: 1
  m_DynamicOccludee: 1
  m_MotionVectors: 1
  m_LightProbeUsage: 1
  m_ReflectionProbeUsage: 1
  m_RayTracingMode: 0
  m_RayTraceProcedural: 0
  m_RenderingLayerMask: 1
  m_RendererPriority: 0
  m_Materials:
  - {fileID: -2477152504647978758, guid: 00941ebefa7f8c9498d37d56bc82edc1, type: 3}
  m_StaticBatchInfo:
    firstSubMesh: 0
    subMeshCount: 0
  m_StaticBatchRoot: {fileID: 0}
  m_ProbeAnchor: {fileID: 0}
  m_LightProbeVolumeOverride: {fileID: 0}
  m_ScaleInLightmap: 1
  m_ReceiveGI: 1
  m_PreserveUVs: 0
  m_IgnoreNormalsForChartDetection: 0
  m_ImportantGI: 0
  m_StitchLightmapSeams: 1
  m_SelectedEditorRenderState: 3
  m_MinimumChartSize: 4
  m_AutoUVMaxDistance: 0.5
  m_AutoUVMaxAngle: 89
  m_LightmapParameters: {fileID: 0}
  m_SortingLayerID: 0
  m_SortingLayer: 0
  m_SortingOrder: 0
  serializedVersion: 2
  m_Quality: 0
  m_UpdateWhenOffscreen: 0
  m_SkinnedMotionVectors: 1
  m_Mesh: {fileID: 2497106002754787046, guid: 00941ebefa7f8c9498d37d56bc82edc1, type: 3}
  m_Bones:
  - {fileID: 2793755408029194936}
  - {fileID: 2805065685968445214}
  - {fileID: 1355260450204706668}
  - {fileID: 4436758755611254089}
  - {fileID: 3481156540712020393}
  - {fileID: 5564340548838596297}
  - {fileID: 8588722417654915547}
  - {fileID: 1304796092929377925}
  - {fileID: 765748458758727518}
  - {fileID: 5804379981854780550}
  - {fileID: 8367925691834966265}
  - {fileID: 4779478473382216765}
  - {fileID: 1037811874884910690}
  - {fileID: 3628964732570287221}
  - {fileID: 9136734085395860954}
  - {fileID: 4540869906671116341}
  - {fileID: 8513738134316473419}
  - {fileID: 1243768960437013273}
  - {fileID: 6104602555089397289}
  - {fileID: 8432160242739084162}
  - {fileID: 665025022316831867}
  - {fileID: 2435806406975051117}
  - {fileID: 4145525060786268618}
  - {fileID: 3220630934375680919}
  - {fileID: 3353668989709892229}
  - {fileID: 8893398801725676862}
  - {fileID: 4493133898254128473}
  - {fileID: 215137175210936513}
  - {fileID: 3966035080195178333}
  - {fileID: 5523105553056074770}
  - {fileID: 6119642761128551956}
  - {fileID: 2802603509638983103}
  - {fileID: 2146670100815723616}
  - {fileID: 7087978814471641128}
  - {fileID: 6507786738410693033}
  - {fileID: 7022194450320962703}
  - {fileID: 2885211650992313061}
  - {fileID: 7298419205308119137}
  - {fileID: 7381404025120669665}
  - {fileID: 7079050805441926787}
  - {fileID: 918681614514011431}
  - {fileID: 5374218200570780830}
  - {fileID: 7698088466328018194}
  - {fileID: 3406004107787130323}
  - {fileID: 6558915502023296593}
  - {fileID: 4438304724165263057}
  - {fileID: 8278988282174079558}
  - {fileID: 8274672565432454525}
  - {fileID: 592152245241410521}
  - {fileID: 7891624289994413977}
  - {fileID: 5576589201741814584}
  - {fileID: 1766855099482579601}
  m_BlendShapeWeights: []
  m_RootBone: {fileID: 2793755408029194936}
  m_AABB:
    m_Center: {x: -0.0000003874302, y: -0.24470302, z: -0.017986119}
    m_Extent: {x: 0.8834671, y: 0.7983968, z: 0.1274622}
  m_DirtyAABB: 0
--- !u!1 &2095534706057667000
GameObject:
  m_ObjectHideFlags: 0
  m_CorrespondingSourceObject: {fileID: 0}
  m_PrefabInstance: {fileID: 0}
  m_PrefabAsset: {fileID: 0}
  serializedVersion: 6
  m_Component:
  - component: {fileID: 7891624289994413977}
  m_Layer: 0
  m_Name: mixamorig:RightLeg
  m_TagString: Untagged
  m_Icon: {fileID: 0}
  m_NavMeshLayer: 0
  m_StaticEditorFlags: 0
  m_IsActive: 1
--- !u!4 &7891624289994413977
Transform:
  m_ObjectHideFlags: 0
  m_CorrespondingSourceObject: {fileID: 0}
  m_PrefabInstance: {fileID: 0}
  m_PrefabAsset: {fileID: 0}
  m_GameObject: {fileID: 2095534706057667000}
  m_LocalRotation: {x: 0.0013461137, y: 0.00000001453026, z: 0.0000000017475387, w: 0.9999991}
  m_LocalPosition: {x: -8.435572e-10, y: -0.44370535, z: 0.0028615638}
  m_LocalScale: {x: 1, y: 1, z: 1}
  m_Children:
  - {fileID: 5576589201741814584}
  m_Father: {fileID: 592152245241410521}
  m_RootOrder: 0
  m_LocalEulerAnglesHint: {x: 0, y: 0, z: 0}
--- !u!1 &2107834086750795081
GameObject:
  m_ObjectHideFlags: 0
  m_CorrespondingSourceObject: {fileID: 0}
  m_PrefabInstance: {fileID: 0}
  m_PrefabAsset: {fileID: 0}
  serializedVersion: 6
  m_Component:
  - component: {fileID: 4779478473382216765}
  m_Layer: 0
  m_Name: mixamorig:LeftHandThumb2
  m_TagString: Untagged
  m_Icon: {fileID: 0}
  m_NavMeshLayer: 0
  m_StaticEditorFlags: 0
  m_IsActive: 1
--- !u!4 &4779478473382216765
Transform:
  m_ObjectHideFlags: 0
  m_CorrespondingSourceObject: {fileID: 0}
  m_PrefabInstance: {fileID: 0}
  m_PrefabAsset: {fileID: 0}
  m_GameObject: {fileID: 2107834086750795081}
  m_LocalRotation: {x: 0.00000010496793, y: -0.000004944398, z: -0.000004780959, w: 1}
  m_LocalPosition: {x: -0.032298036, y: -0.018646907, z: 0.018646812}
  m_LocalScale: {x: 1, y: 1, z: 1}
  m_Children:
  - {fileID: 1037811874884910690}
  m_Father: {fileID: 8367925691834966265}
  m_RootOrder: 0
  m_LocalEulerAnglesHint: {x: 0, y: 0, z: 0}
--- !u!1 &2615226290248506386
GameObject:
  m_ObjectHideFlags: 0
  m_CorrespondingSourceObject: {fileID: 0}
  m_PrefabInstance: {fileID: 0}
  m_PrefabAsset: {fileID: 0}
  serializedVersion: 6
  m_Component:
  - component: {fileID: 4436758755611254089}
  m_Layer: 0
  m_Name: mixamorig:Spine2
  m_TagString: Untagged
  m_Icon: {fileID: 0}
  m_NavMeshLayer: 0
  m_StaticEditorFlags: 0
  m_IsActive: 1
--- !u!4 &4436758755611254089
Transform:
  m_ObjectHideFlags: 0
  m_CorrespondingSourceObject: {fileID: 0}
  m_PrefabInstance: {fileID: 0}
  m_PrefabAsset: {fileID: 0}
  m_GameObject: {fileID: 2615226290248506386}
  m_LocalRotation: {x: 0, y: -0, z: -1.8055514e-34, w: 1}
  m_LocalPosition: {x: -0.0000000034574863, y: 0.09100011, z: -0.013734171}
  m_LocalScale: {x: 1, y: 1, z: 1}
  m_Children:
  - {fileID: 8588722417654915547}
  - {fileID: 3481156540712020393}
  - {fileID: 8893398801725676862}
  m_Father: {fileID: 1355260450204706668}
  m_RootOrder: 0
  m_LocalEulerAnglesHint: {x: 0, y: 0, z: 0}
--- !u!1 &2660461106030448731
GameObject:
  m_ObjectHideFlags: 0
  m_CorrespondingSourceObject: {fileID: 0}
  m_PrefabInstance: {fileID: 0}
  m_PrefabAsset: {fileID: 0}
  serializedVersion: 6
  m_Component:
  - component: {fileID: 5374218200570780830}
  m_Layer: 0
  m_Name: mixamorig:RightHandThumb1
  m_TagString: Untagged
  m_Icon: {fileID: 0}
  m_NavMeshLayer: 0
  m_StaticEditorFlags: 0
  m_IsActive: 1
--- !u!4 &5374218200570780830
Transform:
  m_ObjectHideFlags: 0
  m_CorrespondingSourceObject: {fileID: 0}
  m_PrefabInstance: {fileID: 0}
  m_PrefabAsset: {fileID: 0}
  m_GameObject: {fileID: 2660461106030448731}
  m_LocalRotation: {x: -0.000093031376, y: -0.00008297052, z: 0.00007821155, w: 1}
  m_LocalPosition: {x: 0.024648061, y: -0.015727142, z: 0.026826264}
  m_LocalScale: {x: 1, y: 1, z: 1}
  m_Children:
  - {fileID: 7698088466328018194}
  m_Father: {fileID: 3966035080195178333}
  m_RootOrder: 4
  m_LocalEulerAnglesHint: {x: 0, y: 0, z: 0}
--- !u!1 &2722771314119809951
GameObject:
  m_ObjectHideFlags: 0
  m_CorrespondingSourceObject: {fileID: 0}
  m_PrefabInstance: {fileID: 0}
  m_PrefabAsset: {fileID: 0}
  serializedVersion: 6
  m_Component:
  - component: {fileID: 1037811874884910690}
  m_Layer: 0
  m_Name: mixamorig:LeftHandThumb3
  m_TagString: Untagged
  m_Icon: {fileID: 0}
  m_NavMeshLayer: 0
  m_StaticEditorFlags: 0
  m_IsActive: 1
--- !u!4 &1037811874884910690
Transform:
  m_ObjectHideFlags: 0
  m_CorrespondingSourceObject: {fileID: 0}
  m_PrefabInstance: {fileID: 0}
  m_PrefabAsset: {fileID: 0}
  m_GameObject: {fileID: 2722771314119809951}
  m_LocalRotation: {x: 4.661964e-12, y: 0.00000059509927, z: 0.00000063981753, w: 1}
  m_LocalPosition: {x: -0.02652565, y: -0.015314929, z: 0.015314716}
  m_LocalScale: {x: 1, y: 1, z: 1}
  m_Children:
  - {fileID: 2584941142088892776}
  m_Father: {fileID: 4779478473382216765}
  m_RootOrder: 0
  m_LocalEulerAnglesHint: {x: 0, y: 0, z: 0}
--- !u!1 &3112461445644550094
GameObject:
  m_ObjectHideFlags: 0
  m_CorrespondingSourceObject: {fileID: 0}
  m_PrefabInstance: {fileID: 0}
  m_PrefabAsset: {fileID: 0}
  serializedVersion: 6
  m_Component:
  - component: {fileID: 2802603509638983103}
  m_Layer: 0
  m_Name: mixamorig:RightHandPinky3
  m_TagString: Untagged
  m_Icon: {fileID: 0}
  m_NavMeshLayer: 0
  m_StaticEditorFlags: 0
  m_IsActive: 1
--- !u!4 &2802603509638983103
Transform:
  m_ObjectHideFlags: 0
  m_CorrespondingSourceObject: {fileID: 0}
  m_PrefabInstance: {fileID: 0}
  m_PrefabAsset: {fileID: 0}
  m_GameObject: {fileID: 3112461445644550094}
  m_LocalRotation: {x: -0.000000089406946, y: -6.1947887e-19, z: -1.3318336e-15, w: 1}
  m_LocalPosition: {x: 0.021142116, y: 0.00000015137925, z: 0.00000014793768}
  m_LocalScale: {x: 1, y: 1, z: 1}
  m_Children:
  - {fileID: 2183972255532042933}
  m_Father: {fileID: 6119642761128551956}
  m_RootOrder: 0
  m_LocalEulerAnglesHint: {x: 0, y: 0, z: 0}
--- !u!1 &3304699878439005214
GameObject:
  m_ObjectHideFlags: 0
  m_CorrespondingSourceObject: {fileID: 0}
  m_PrefabInstance: {fileID: 0}
  m_PrefabAsset: {fileID: 0}
  serializedVersion: 6
  m_Component:
  - component: {fileID: 8367925691834966265}
  m_Layer: 0
  m_Name: mixamorig:LeftHandThumb1
  m_TagString: Untagged
  m_Icon: {fileID: 0}
  m_NavMeshLayer: 0
  m_StaticEditorFlags: 0
  m_IsActive: 1
--- !u!4 &8367925691834966265
Transform:
  m_ObjectHideFlags: 0
  m_CorrespondingSourceObject: {fileID: 0}
  m_PrefabInstance: {fileID: 0}
  m_PrefabAsset: {fileID: 0}
  m_GameObject: {fileID: 3304699878439005214}
  m_LocalRotation: {x: -0.00009023705, y: 0.00008055162, z: -0.000075790434, w: 1}
  m_LocalPosition: {x: -0.024661401, y: -0.015750492, z: 0.026824135}
  m_LocalScale: {x: 1, y: 1, z: 1}
  m_Children:
  - {fileID: 4779478473382216765}
  m_Father: {fileID: 5804379981854780550}
  m_RootOrder: 4
  m_LocalEulerAnglesHint: {x: 0, y: 0, z: 0}
--- !u!1 &3358328384451678134
GameObject:
  m_ObjectHideFlags: 0
  m_CorrespondingSourceObject: {fileID: 0}
  m_PrefabInstance: {fileID: 0}
  m_PrefabAsset: {fileID: 0}
  serializedVersion: 6
  m_Component:
  - component: {fileID: 378133643570971698}
  m_Layer: 0
  m_Name: mixamorig:RightHandIndex4
  m_TagString: Untagged
  m_Icon: {fileID: 0}
  m_NavMeshLayer: 0
  m_StaticEditorFlags: 0
  m_IsActive: 1
--- !u!4 &378133643570971698
Transform:
  m_ObjectHideFlags: 0
  m_CorrespondingSourceObject: {fileID: 0}
  m_PrefabInstance: {fileID: 0}
  m_PrefabAsset: {fileID: 0}
  m_GameObject: {fileID: 3358328384451678134}
  m_LocalRotation: {x: 0, y: -0, z: -0, w: 1}
  m_LocalPosition: {x: 0.023927199, y: 0.000000268147, z: 0.00000028020133}
  m_LocalScale: {x: 1, y: 1, z: 1}
  m_Children: []
  m_Father: {fileID: 918681614514011431}
  m_RootOrder: 0
  m_LocalEulerAnglesHint: {x: 0, y: 0, z: 0}
--- !u!1 &3593243423581547975
GameObject:
  m_ObjectHideFlags: 0
  m_CorrespondingSourceObject: {fileID: 0}
  m_PrefabInstance: {fileID: 0}
  m_PrefabAsset: {fileID: 0}
  serializedVersion: 6
  m_Component:
  - component: {fileID: 2805065685968445214}
  m_Layer: 0
  m_Name: mixamorig:Spine
  m_TagString: Untagged
  m_Icon: {fileID: 0}
  m_NavMeshLayer: 0
  m_StaticEditorFlags: 0
  m_IsActive: 1
--- !u!4 &2805065685968445214
Transform:
  m_ObjectHideFlags: 0
  m_CorrespondingSourceObject: {fileID: 0}
  m_PrefabInstance: {fileID: 0}
  m_PrefabAsset: {fileID: 0}
  m_GameObject: {fileID: 3593243423581547975}
  m_LocalRotation: {x: -5.5794124e-16, y: -0.00000002135681, z: 0.00000070372874,
    w: 1}
  m_LocalPosition: {x: -0.00000009234152, y: 0.10181588, z: 0.0013152092}
  m_LocalScale: {x: 1, y: 1, z: 1}
  m_Children:
  - {fileID: 1355260450204706668}
  m_Father: {fileID: 2793755408029194936}
  m_RootOrder: 2
  m_LocalEulerAnglesHint: {x: 0, y: 0, z: 0}
--- !u!1 &3806716799846615730
GameObject:
  m_ObjectHideFlags: 0
  m_CorrespondingSourceObject: {fileID: 0}
  m_PrefabInstance: {fileID: 0}
  m_PrefabAsset: {fileID: 0}
  serializedVersion: 6
  m_Component:
  - component: {fileID: 8181138061496923921}
  m_Layer: 0
  m_Name: mixamorig:LeftHandRing4
  m_TagString: Untagged
  m_Icon: {fileID: 0}
  m_NavMeshLayer: 0
  m_StaticEditorFlags: 0
  m_IsActive: 1
--- !u!4 &8181138061496923921
Transform:
  m_ObjectHideFlags: 0
  m_CorrespondingSourceObject: {fileID: 0}
  m_PrefabInstance: {fileID: 0}
  m_PrefabAsset: {fileID: 0}
  m_GameObject: {fileID: 3806716799846615730}
  m_LocalRotation: {x: 0, y: -0, z: -0, w: 1}
  m_LocalPosition: {x: -0.026474526, y: -0.00000049804413, z: 7.0705153e-10}
  m_LocalScale: {x: 1, y: 1, z: 1}
  m_Children: []
  m_Father: {fileID: 2435806406975051117}
  m_RootOrder: 0
  m_LocalEulerAnglesHint: {x: 0, y: 0, z: 0}
--- !u!1 &3859132200821819819
GameObject:
  m_ObjectHideFlags: 0
  m_CorrespondingSourceObject: {fileID: 0}
  m_PrefabInstance: {fileID: 0}
  m_PrefabAsset: {fileID: 0}
  serializedVersion: 6
  m_Component:
  - component: {fileID: 5813014477190207829}
  m_Layer: 0
  m_Name: mixamorig:LeftHandIndex4
  m_TagString: Untagged
  m_Icon: {fileID: 0}
  m_NavMeshLayer: 0
  m_StaticEditorFlags: 0
  m_IsActive: 1
--- !u!4 &5813014477190207829
Transform:
  m_ObjectHideFlags: 0
  m_CorrespondingSourceObject: {fileID: 0}
  m_PrefabInstance: {fileID: 0}
  m_PrefabAsset: {fileID: 0}
  m_GameObject: {fileID: 3859132200821819819}
  m_LocalRotation: {x: 0, y: -0, z: -0, w: 1}
  m_LocalPosition: {x: -0.023927199, y: 0.00000037025907, z: 0.00000033554434}
  m_LocalScale: {x: 1, y: 1, z: 1}
  m_Children: []
  m_Father: {fileID: 4540869906671116341}
  m_RootOrder: 0
  m_LocalEulerAnglesHint: {x: 0, y: 0, z: 0}
--- !u!1 &4125663735365194135
GameObject:
  m_ObjectHideFlags: 0
  m_CorrespondingSourceObject: {fileID: 0}
  m_PrefabInstance: {fileID: 0}
  m_PrefabAsset: {fileID: 0}
  serializedVersion: 6
  m_Component:
  - component: {fileID: 8274672565432454525}
  m_Layer: 0
  m_Name: mixamorig:LeftToeBase
  m_TagString: Untagged
  m_Icon: {fileID: 0}
  m_NavMeshLayer: 0
  m_StaticEditorFlags: 0
  m_IsActive: 1
--- !u!4 &8274672565432454525
Transform:
  m_ObjectHideFlags: 0
  m_CorrespondingSourceObject: {fileID: 0}
  m_PrefabInstance: {fileID: 0}
  m_PrefabAsset: {fileID: 0}
  m_GameObject: {fileID: 4125663735365194135}
  m_LocalRotation: {x: 2.4374452e-10, y: 1.1699966e-10, z: 9.293838e-10, w: 1}
  m_LocalPosition: {x: 0.000000029609879, y: -0.087286696, z: 0.1071056}
  m_LocalScale: {x: 1, y: 1, z: 1}
  m_Children:
  - {fileID: 2101998989070937609}
  m_Father: {fileID: 8278988282174079558}
  m_RootOrder: 0
  m_LocalEulerAnglesHint: {x: 0, y: 0, z: 0}
--- !u!1 &4200887335694438018
GameObject:
  m_ObjectHideFlags: 0
  m_CorrespondingSourceObject: {fileID: 0}
  m_PrefabInstance: {fileID: 0}
  m_PrefabAsset: {fileID: 0}
  serializedVersion: 6
  m_Component:
  - component: {fileID: 4540869906671116341}
  m_Layer: 0
  m_Name: mixamorig:LeftHandIndex3
  m_TagString: Untagged
  m_Icon: {fileID: 0}
  m_NavMeshLayer: 0
  m_StaticEditorFlags: 0
  m_IsActive: 1
--- !u!4 &4540869906671116341
Transform:
  m_ObjectHideFlags: 0
  m_CorrespondingSourceObject: {fileID: 0}
  m_PrefabInstance: {fileID: 0}
  m_PrefabAsset: {fileID: 0}
  m_GameObject: {fileID: 4200887335694438018}
  m_LocalRotation: {x: 8.452564e-15, y: 0.0000000148742725, z: -0.00000005961137,
    w: 1}
  m_LocalPosition: {x: -0.028830625, y: 0.00000038511968, z: -0.00000042764816}
  m_LocalScale: {x: 1, y: 1, z: 1}
  m_Children:
  - {fileID: 5813014477190207829}
  m_Father: {fileID: 9136734085395860954}
  m_RootOrder: 0
  m_LocalEulerAnglesHint: {x: 0, y: 0, z: 0}
--- !u!1 &4203515366880419629
GameObject:
  m_ObjectHideFlags: 0
  m_CorrespondingSourceObject: {fileID: 0}
  m_PrefabInstance: {fileID: 0}
  m_PrefabAsset: {fileID: 0}
  serializedVersion: 6
  m_Component:
  - component: {fileID: 6558915502023296593}
  m_Layer: 0
  m_Name: mixamorig:LeftUpLeg
  m_TagString: Untagged
  m_Icon: {fileID: 0}
  m_NavMeshLayer: 0
  m_StaticEditorFlags: 0
  m_IsActive: 1
--- !u!4 &6558915502023296593
Transform:
  m_ObjectHideFlags: 0
  m_CorrespondingSourceObject: {fileID: 0}
  m_PrefabInstance: {fileID: 0}
  m_PrefabAsset: {fileID: 0}
  m_GameObject: {fileID: 4203515366880419629}
  m_LocalRotation: {x: -0.0007022143, y: -0.000000022163992, z: 0.0000007135213, w: 0.99999976}
  m_LocalPosition: {x: -0.082077816, y: -0.06751714, z: -0.015995556}
  m_LocalScale: {x: 1, y: 1, z: 1}
  m_Children:
  - {fileID: 4438304724165263057}
  m_Father: {fileID: 2793755408029194936}
  m_RootOrder: 0
  m_LocalEulerAnglesHint: {x: 0, y: 0, z: 0}
--- !u!1 &4306715483256035466
GameObject:
  m_ObjectHideFlags: 0
  m_CorrespondingSourceObject: {fileID: 0}
  m_PrefabInstance: {fileID: 0}
  m_PrefabAsset: {fileID: 0}
  serializedVersion: 6
  m_Component:
  - component: {fileID: 3481156540712020393}
  m_Layer: 0
  m_Name: mixamorig:Neck
  m_TagString: Untagged
  m_Icon: {fileID: 0}
  m_NavMeshLayer: 0
  m_StaticEditorFlags: 0
  m_IsActive: 1
--- !u!4 &3481156540712020393
Transform:
  m_ObjectHideFlags: 0
  m_CorrespondingSourceObject: {fileID: 0}
  m_PrefabInstance: {fileID: 0}
  m_PrefabAsset: {fileID: 0}
  m_GameObject: {fileID: 4306715483256035466}
  m_LocalRotation: {x: -5.2041704e-18, y: 4.2632927e-14, z: 2.273737e-13, w: 1}
  m_LocalPosition: {x: -0.0000000063342855, y: 0.16671668, z: -0.025161678}
  m_LocalScale: {x: 1, y: 1, z: 1}
  m_Children:
  - {fileID: 5564340548838596297}
  m_Father: {fileID: 4436758755611254089}
  m_RootOrder: 1
  m_LocalEulerAnglesHint: {x: 0, y: 0, z: 0}
--- !u!1 &4586368195772882227
GameObject:
  m_ObjectHideFlags: 0
  m_CorrespondingSourceObject: {fileID: 0}
  m_PrefabInstance: {fileID: 0}
  m_PrefabAsset: {fileID: 0}
  serializedVersion: 6
  m_Component:
  - component: {fileID: 2146670100815723616}
  m_Layer: 0
  m_Name: mixamorig:RightHandRing1
  m_TagString: Untagged
  m_Icon: {fileID: 0}
  m_NavMeshLayer: 0
  m_StaticEditorFlags: 0
  m_IsActive: 1
--- !u!4 &2146670100815723616
Transform:
  m_ObjectHideFlags: 0
  m_CorrespondingSourceObject: {fileID: 0}
  m_PrefabInstance: {fileID: 0}
  m_PrefabAsset: {fileID: 0}
  m_GameObject: {fileID: 4586368195772882227}
  m_LocalRotation: {x: 0.000000029802315, y: 0.000000029795387, z: -0.00000001491502,
    w: 1}
  m_LocalPosition: {x: 0.09103588, y: -0.00043914348, z: -0.018650724}
  m_LocalScale: {x: 1, y: 1, z: 1}
  m_Children:
  - {fileID: 7087978814471641128}
  m_Father: {fileID: 3966035080195178333}
  m_RootOrder: 3
  m_LocalEulerAnglesHint: {x: 0, y: 0, z: 0}
--- !u!1 &4677333270523270214
GameObject:
  m_ObjectHideFlags: 0
  m_CorrespondingSourceObject: {fileID: 0}
  m_PrefabInstance: {fileID: 0}
  m_PrefabAsset: {fileID: 0}
  serializedVersion: 6
  m_Component:
  - component: {fileID: 7087978814471641128}
  m_Layer: 0
  m_Name: mixamorig:RightHandRing2
  m_TagString: Untagged
  m_Icon: {fileID: 0}
  m_NavMeshLayer: 0
  m_StaticEditorFlags: 0
  m_IsActive: 1
--- !u!4 &7087978814471641128
Transform:
  m_ObjectHideFlags: 0
  m_CorrespondingSourceObject: {fileID: 0}
  m_PrefabInstance: {fileID: 0}
  m_PrefabAsset: {fileID: 0}
  m_GameObject: {fileID: 4677333270523270214}
  m_LocalRotation: {x: -0.000000029802314, y: -0.000000029781521, z: 0.000000044717336,
    w: 1}
  m_LocalPosition: {x: 0.031540267, y: 0.00000023997296, z: 0.0000004885121}
  m_LocalScale: {x: 1, y: 1, z: 1}
  m_Children:
  - {fileID: 6507786738410693033}
  m_Father: {fileID: 2146670100815723616}
  m_RootOrder: 0
  m_LocalEulerAnglesHint: {x: 0, y: 0, z: 0}
--- !u!1 &4682925467597058215
GameObject:
  m_ObjectHideFlags: 0
  m_CorrespondingSourceObject: {fileID: 0}
  m_PrefabInstance: {fileID: 0}
  m_PrefabAsset: {fileID: 0}
  serializedVersion: 6
  m_Component:
  - component: {fileID: 5523105553056074770}
  m_Layer: 0
  m_Name: mixamorig:RightHandPinky1
  m_TagString: Untagged
  m_Icon: {fileID: 0}
  m_NavMeshLayer: 0
  m_StaticEditorFlags: 0
  m_IsActive: 1
--- !u!4 &5523105553056074770
Transform:
  m_ObjectHideFlags: 0
  m_CorrespondingSourceObject: {fileID: 0}
  m_PrefabInstance: {fileID: 0}
  m_PrefabAsset: {fileID: 0}
  m_GameObject: {fileID: 4682925467597058215}
  m_LocalRotation: {x: 0.000000074505586, y: 0.0000138888945, z: 0.000000014902197,
    w: 1}
  m_LocalPosition: {x: 0.080766745, y: -0.0048845927, z: -0.038060103}
  m_LocalScale: {x: 1, y: 1, z: 1}
  m_Children:
  - {fileID: 6119642761128551956}
  m_Father: {fileID: 3966035080195178333}
  m_RootOrder: 2
  m_LocalEulerAnglesHint: {x: 0, y: 0, z: 0}
--- !u!1 &4718988370017261988
GameObject:
  m_ObjectHideFlags: 0
  m_CorrespondingSourceObject: {fileID: 0}
  m_PrefabInstance: {fileID: 0}
  m_PrefabAsset: {fileID: 0}
  serializedVersion: 6
  m_Component:
  - component: {fileID: 1304796092929377925}
  m_Layer: 0
  m_Name: mixamorig:LeftArm
  m_TagString: Untagged
  m_Icon: {fileID: 0}
  m_NavMeshLayer: 0
  m_StaticEditorFlags: 0
  m_IsActive: 1
--- !u!4 &1304796092929377925
Transform:
  m_ObjectHideFlags: 0
  m_CorrespondingSourceObject: {fileID: 0}
  m_PrefabInstance: {fileID: 0}
  m_PrefabAsset: {fileID: 0}
  m_GameObject: {fileID: 4718988370017261988}
  m_LocalRotation: {x: 0.000000044703484, y: 8.4346904e-14, z: -0.0000016602488, w: 1}
  m_LocalPosition: {x: -0.1059237, y: -0.005245829, z: -0.0223212}
  m_LocalScale: {x: 1, y: 1, z: 1}
  m_Children:
  - {fileID: 765748458758727518}
  m_Father: {fileID: 8588722417654915547}
  m_RootOrder: 0
  m_LocalEulerAnglesHint: {x: 0, y: 0, z: 0}
--- !u!1 &4752783207616430752
GameObject:
  m_ObjectHideFlags: 0
  m_CorrespondingSourceObject: {fileID: 0}
  m_PrefabInstance: {fileID: 0}
  m_PrefabAsset: {fileID: 0}
  serializedVersion: 6
  m_Component:
  - component: {fileID: 765748458758727518}
  m_Layer: 0
  m_Name: mixamorig:LeftForeArm
  m_TagString: Untagged
  m_Icon: {fileID: 0}
  m_NavMeshLayer: 0
  m_StaticEditorFlags: 0
  m_IsActive: 1
--- !u!4 &765748458758727518
Transform:
  m_ObjectHideFlags: 0
  m_CorrespondingSourceObject: {fileID: 0}
  m_PrefabInstance: {fileID: 0}
  m_PrefabAsset: {fileID: 0}
  m_GameObject: {fileID: 4752783207616430752}
  m_LocalRotation: {x: -0.000000059604645, y: 0.0000000038620516, z: 0.0000017958803,
    w: 1}
  m_LocalPosition: {x: -0.2784152, y: -0.0000008942865, z: 0.0000003745891}
  m_LocalScale: {x: 1, y: 1, z: 1}
  m_Children:
  - {fileID: 5804379981854780550}
  m_Father: {fileID: 1304796092929377925}
  m_RootOrder: 0
  m_LocalEulerAnglesHint: {x: 0, y: 0, z: 0}
--- !u!1 &4797483277673873295
GameObject:
  m_ObjectHideFlags: 0
  m_CorrespondingSourceObject: {fileID: 0}
  m_PrefabInstance: {fileID: 0}
  m_PrefabAsset: {fileID: 0}
  serializedVersion: 6
  m_Component:
  - component: {fileID: 6507786738410693033}
  m_Layer: 0
  m_Name: mixamorig:RightHandRing3
  m_TagString: Untagged
  m_Icon: {fileID: 0}
  m_NavMeshLayer: 0
  m_StaticEditorFlags: 0
  m_IsActive: 1
--- !u!4 &6507786738410693033
Transform:
  m_ObjectHideFlags: 0
  m_CorrespondingSourceObject: {fileID: 0}
  m_PrefabInstance: {fileID: 0}
  m_PrefabAsset: {fileID: 0}
  m_GameObject: {fileID: 4797483277673873295}
  m_LocalRotation: {x: 0.000000059604627, y: 0.0000000148664965, z: -0.00000007451271,
    w: 1}
  m_LocalPosition: {x: 0.029376723, y: -0.00000041600654, z: -0.00000039660634}
  m_LocalScale: {x: 1, y: 1, z: 1}
  m_Children:
  - {fileID: 2619342860730185809}
  m_Father: {fileID: 7087978814471641128}
  m_RootOrder: 0
  m_LocalEulerAnglesHint: {x: 0, y: 0, z: 0}
--- !u!1 &4858060198455098491
GameObject:
  m_ObjectHideFlags: 0
  m_CorrespondingSourceObject: {fileID: 0}
  m_PrefabInstance: {fileID: 0}
  m_PrefabAsset: {fileID: 0}
  serializedVersion: 6
  m_Component:
  - component: {fileID: 844054416632247976}
  m_Layer: 0
  m_Name: mixamorig:RightEye
  m_TagString: Untagged
  m_Icon: {fileID: 0}
  m_NavMeshLayer: 0
  m_StaticEditorFlags: 0
  m_IsActive: 1
--- !u!4 &844054416632247976
Transform:
  m_ObjectHideFlags: 0
  m_CorrespondingSourceObject: {fileID: 0}
  m_PrefabInstance: {fileID: 0}
  m_PrefabAsset: {fileID: 0}
  m_GameObject: {fileID: 4858060198455098491}
  m_LocalRotation: {x: 0, y: -0, z: -0, w: 1}
  m_LocalPosition: {x: 0.030675504, y: 0.064095, z: 0.09283547}
  m_LocalScale: {x: 1, y: 1, z: 1}
  m_Children: []
  m_Father: {fileID: 5564340548838596297}
  m_RootOrder: 2
  m_LocalEulerAnglesHint: {x: 0, y: 0, z: 0}
--- !u!1 &4904735877114810598
GameObject:
  m_ObjectHideFlags: 0
  m_CorrespondingSourceObject: {fileID: 0}
  m_PrefabInstance: {fileID: 0}
  m_PrefabAsset: {fileID: 0}
  serializedVersion: 6
  m_Component:
  - component: {fileID: 592152245241410521}
  m_Layer: 0
  m_Name: mixamorig:RightUpLeg
  m_TagString: Untagged
  m_Icon: {fileID: 0}
  m_NavMeshLayer: 0
  m_StaticEditorFlags: 0
  m_IsActive: 1
--- !u!4 &592152245241410521
Transform:
  m_ObjectHideFlags: 0
  m_CorrespondingSourceObject: {fileID: 0}
  m_PrefabInstance: {fileID: 0}
  m_PrefabAsset: {fileID: 0}
  m_GameObject: {fileID: 4904735877114810598}
  m_LocalRotation: {x: -0.0006736767, y: -0.000000022158684, z: 0.0000007132908, w: 0.99999976}
  m_LocalPosition: {x: 0.08207796, y: -0.06751662, z: -0.015995594}
  m_LocalScale: {x: 1, y: 1, z: 1}
  m_Children:
  - {fileID: 7891624289994413977}
  m_Father: {fileID: 2793755408029194936}
  m_RootOrder: 1
  m_LocalEulerAnglesHint: {x: 0, y: 0, z: 0}
--- !u!1 &5014930417278861656
GameObject:
  m_ObjectHideFlags: 0
  m_CorrespondingSourceObject: {fileID: 0}
  m_PrefabInstance: {fileID: 0}
  m_PrefabAsset: {fileID: 0}
  serializedVersion: 6
  m_Component:
  - component: {fileID: 8588722417654915547}
  m_Layer: 0
  m_Name: mixamorig:LeftShoulder
  m_TagString: Untagged
  m_Icon: {fileID: 0}
  m_NavMeshLayer: 0
  m_StaticEditorFlags: 0
  m_IsActive: 1
--- !u!4 &8588722417654915547
Transform:
  m_ObjectHideFlags: 0
  m_CorrespondingSourceObject: {fileID: 0}
  m_PrefabInstance: {fileID: 0}
  m_PrefabAsset: {fileID: 0}
  m_GameObject: {fileID: 5014930417278861656}
  m_LocalRotation: {x: -0.000000044703484, y: 3.8567765e-14, z: -0.00000013563118,
    w: 1}
  m_LocalPosition: {x: -0.045704465, y: 0.10945985, z: -0.02627988}
  m_LocalScale: {x: 1, y: 1, z: 1}
  m_Children:
  - {fileID: 1304796092929377925}
  m_Father: {fileID: 4436758755611254089}
  m_RootOrder: 0
  m_LocalEulerAnglesHint: {x: 0, y: 0, z: 0}
--- !u!1 &5082444967574926111
GameObject:
  m_ObjectHideFlags: 0
  m_CorrespondingSourceObject: {fileID: 0}
  m_PrefabInstance: {fileID: 0}
  m_PrefabAsset: {fileID: 0}
  serializedVersion: 6
  m_Component:
  - component: {fileID: 6104602555089397289}
  m_Layer: 0
  m_Name: mixamorig:LeftHandMiddle3
  m_TagString: Untagged
  m_Icon: {fileID: 0}
  m_NavMeshLayer: 0
  m_StaticEditorFlags: 0
  m_IsActive: 1
--- !u!4 &6104602555089397289
Transform:
  m_ObjectHideFlags: 0
  m_CorrespondingSourceObject: {fileID: 0}
  m_PrefabInstance: {fileID: 0}
  m_PrefabAsset: {fileID: 0}
  m_GameObject: {fileID: 5082444967574926111}
  m_LocalRotation: {x: 5.594566e-16, y: -6.7223536e-12, z: -0.000000014901161, w: 1}
  m_LocalPosition: {x: -0.029509215, y: -0.00000039376084, z: 0.0000001644796}
  m_LocalScale: {x: 1, y: 1, z: 1}
  m_Children:
  - {fileID: 9097084682617884522}
  m_Father: {fileID: 1243768960437013273}
  m_RootOrder: 0
  m_LocalEulerAnglesHint: {x: 0, y: 0, z: 0}
--- !u!1 &5090742302754406976
GameObject:
  m_ObjectHideFlags: 0
  m_CorrespondingSourceObject: {fileID: 0}
  m_PrefabInstance: {fileID: 0}
  m_PrefabAsset: {fileID: 0}
  serializedVersion: 6
  m_Component:
  - component: {fileID: 6119642761128551956}
  m_Layer: 0
  m_Name: mixamorig:RightHandPinky2
  m_TagString: Untagged
  m_Icon: {fileID: 0}
  m_NavMeshLayer: 0
  m_StaticEditorFlags: 0
  m_IsActive: 1
--- !u!4 &6119642761128551956
Transform:
  m_ObjectHideFlags: 0
  m_CorrespondingSourceObject: {fileID: 0}
  m_PrefabInstance: {fileID: 0}
  m_PrefabAsset: {fileID: 0}
  m_GameObject: {fileID: 5090742302754406976}
  m_LocalRotation: {x: -0.000000014900952, y: -0.000013859092, z: -0.00000001491523,
    w: 1}
  m_LocalPosition: {x: 0.036000345, y: 0.00000039676655, z: 0.0000005081442}
  m_LocalScale: {x: 1, y: 1, z: 1}
  m_Children:
  - {fileID: 2802603509638983103}
  m_Father: {fileID: 5523105553056074770}
  m_RootOrder: 0
  m_LocalEulerAnglesHint: {x: 0, y: 0, z: 0}
--- !u!1 &5216037320345281208
GameObject:
  m_ObjectHideFlags: 0
  m_CorrespondingSourceObject: {fileID: 0}
  m_PrefabInstance: {fileID: 0}
  m_PrefabAsset: {fileID: 0}
  serializedVersion: 6
  m_Component:
  - component: {fileID: 665025022316831867}
  m_Layer: 0
  m_Name: mixamorig:LeftHandRing2
  m_TagString: Untagged
  m_Icon: {fileID: 0}
  m_NavMeshLayer: 0
  m_StaticEditorFlags: 0
  m_IsActive: 1
--- !u!4 &665025022316831867
Transform:
  m_ObjectHideFlags: 0
  m_CorrespondingSourceObject: {fileID: 0}
  m_PrefabInstance: {fileID: 0}
  m_PrefabAsset: {fileID: 0}
  m_GameObject: {fileID: 5216037320345281208}
  m_LocalRotation: {x: -0.000000029802314, y: 0.000000029782148, z: -0.000000044716913,
    w: 1}
  m_LocalPosition: {x: -0.031540267, y: -0.00000006553468, z: 0.00000010425744}
  m_LocalScale: {x: 1, y: 1, z: 1}
  m_Children:
  - {fileID: 2435806406975051117}
  m_Father: {fileID: 8432160242739084162}
  m_RootOrder: 0
  m_LocalEulerAnglesHint: {x: 0, y: 0, z: 0}
--- !u!1 &5249173806469785959
GameObject:
  m_ObjectHideFlags: 0
  m_CorrespondingSourceObject: {fileID: 0}
  m_PrefabInstance: {fileID: 0}
  m_PrefabAsset: {fileID: 0}
  serializedVersion: 6
  m_Component:
  - component: {fileID: 9136734085395860954}
  m_Layer: 0
  m_Name: mixamorig:LeftHandIndex2
  m_TagString: Untagged
  m_Icon: {fileID: 0}
  m_NavMeshLayer: 0
  m_StaticEditorFlags: 0
  m_IsActive: 1
--- !u!4 &9136734085395860954
Transform:
  m_ObjectHideFlags: 0
  m_CorrespondingSourceObject: {fileID: 0}
  m_PrefabInstance: {fileID: 0}
  m_PrefabAsset: {fileID: 0}
  m_GameObject: {fileID: 5249173806469785959}
  m_LocalRotation: {x: -0.00000010430811, y: 0.000000014901151, z: -6.7230145e-12,
    w: 1}
  m_LocalPosition: {x: -0.036764093, y: -0.00000006939138, z: 0.00000029242517}
  m_LocalScale: {x: 1, y: 1, z: 1}
  m_Children:
  - {fileID: 4540869906671116341}
  m_Father: {fileID: 3628964732570287221}
  m_RootOrder: 0
  m_LocalEulerAnglesHint: {x: 0, y: 0, z: 0}
--- !u!1 &5535530580497673325
GameObject:
  m_ObjectHideFlags: 0
  m_CorrespondingSourceObject: {fileID: 0}
  m_PrefabInstance: {fileID: 0}
  m_PrefabAsset: {fileID: 0}
  serializedVersion: 6
  m_Component:
  - component: {fileID: 8513738134316473419}
  m_Layer: 0
  m_Name: mixamorig:LeftHandMiddle1
  m_TagString: Untagged
  m_Icon: {fileID: 0}
  m_NavMeshLayer: 0
  m_StaticEditorFlags: 0
  m_IsActive: 1
--- !u!4 &8513738134316473419
Transform:
  m_ObjectHideFlags: 0
  m_CorrespondingSourceObject: {fileID: 0}
  m_PrefabInstance: {fileID: 0}
  m_PrefabAsset: {fileID: 0}
  m_GameObject: {fileID: 5535530580497673325}
  m_LocalRotation: {x: 0.000000014901157, y: -0.00000004469004, z: 0.00000002982249,
    w: 1}
  m_LocalPosition: {x: -0.095334016, y: -0.00000033924047, z: 0.00000013937026}
  m_LocalScale: {x: 1, y: 1, z: 1}
  m_Children:
  - {fileID: 1243768960437013273}
  m_Father: {fileID: 5804379981854780550}
  m_RootOrder: 1
  m_LocalEulerAnglesHint: {x: 0, y: 0, z: 0}
--- !u!1 &5709781742686441423
GameObject:
  m_ObjectHideFlags: 0
  m_CorrespondingSourceObject: {fileID: 0}
  m_PrefabInstance: {fileID: 0}
  m_PrefabAsset: {fileID: 0}
  serializedVersion: 6
  m_Component:
  - component: {fileID: 107690667372557373}
  m_Layer: 0
  m_Name: mixamorig:RightHandThumb4
  m_TagString: Untagged
  m_Icon: {fileID: 0}
  m_NavMeshLayer: 0
  m_StaticEditorFlags: 0
  m_IsActive: 1
--- !u!4 &107690667372557373
Transform:
  m_ObjectHideFlags: 0
  m_CorrespondingSourceObject: {fileID: 0}
  m_PrefabInstance: {fileID: 0}
  m_PrefabAsset: {fileID: 0}
  m_GameObject: {fileID: 5709781742686441423}
  m_LocalRotation: {x: 0, y: -0, z: -0, w: 1}
  m_LocalPosition: {x: 0.019545805, y: -0.011284617, z: 0.01128507}
  m_LocalScale: {x: 1, y: 1, z: 1}
  m_Children: []
  m_Father: {fileID: 3406004107787130323}
  m_RootOrder: 0
  m_LocalEulerAnglesHint: {x: 0, y: 0, z: 0}
--- !u!1 &5731273664812767237
GameObject:
  m_ObjectHideFlags: 0
  m_CorrespondingSourceObject: {fileID: 0}
  m_PrefabInstance: {fileID: 0}
  m_PrefabAsset: {fileID: 0}
  serializedVersion: 6
  m_Component:
  - component: {fileID: 9097084682617884522}
  m_Layer: 0
  m_Name: mixamorig:LeftHandMiddle4
  m_TagString: Untagged
  m_Icon: {fileID: 0}
  m_NavMeshLayer: 0
  m_StaticEditorFlags: 0
  m_IsActive: 1
--- !u!4 &9097084682617884522
Transform:
  m_ObjectHideFlags: 0
  m_CorrespondingSourceObject: {fileID: 0}
  m_PrefabInstance: {fileID: 0}
  m_PrefabAsset: {fileID: 0}
  m_GameObject: {fileID: 5731273664812767237}
  m_LocalRotation: {x: 0, y: -0, z: -0, w: 1}
  m_LocalPosition: {x: -0.028339025, y: -0.0000003893482, z: -0.00000009504223}
  m_LocalScale: {x: 1, y: 1, z: 1}
  m_Children: []
  m_Father: {fileID: 6104602555089397289}
  m_RootOrder: 0
  m_LocalEulerAnglesHint: {x: 0, y: 0, z: 0}
--- !u!1 &5773549174078319248
GameObject:
  m_ObjectHideFlags: 0
  m_CorrespondingSourceObject: {fileID: 0}
  m_PrefabInstance: {fileID: 0}
  m_PrefabAsset: {fileID: 0}
  serializedVersion: 6
  m_Component:
  - component: {fileID: 4493133898254128473}
  m_Layer: 0
  m_Name: mixamorig:RightArm
  m_TagString: Untagged
  m_Icon: {fileID: 0}
  m_NavMeshLayer: 0
  m_StaticEditorFlags: 0
  m_IsActive: 1
--- !u!4 &4493133898254128473
Transform:
  m_ObjectHideFlags: 0
  m_CorrespondingSourceObject: {fileID: 0}
  m_PrefabInstance: {fileID: 0}
  m_PrefabAsset: {fileID: 0}
  m_GameObject: {fileID: 5773549174078319248}
  m_LocalRotation: {x: 0.000000014901161, y: -1.2978756e-15, z: -0.000000042395467,
    w: 1}
  m_LocalPosition: {x: 0.105928436, y: -0.0052479836, z: -0.022320986}
  m_LocalScale: {x: 1, y: 1, z: 1}
  m_Children:
  - {fileID: 215137175210936513}
  m_Father: {fileID: 8893398801725676862}
  m_RootOrder: 0
  m_LocalEulerAnglesHint: {x: 0, y: 0, z: 0}
--- !u!1 &5780626523581265877
GameObject:
  m_ObjectHideFlags: 0
  m_CorrespondingSourceObject: {fileID: 0}
  m_PrefabInstance: {fileID: 0}
  m_PrefabAsset: {fileID: 0}
  serializedVersion: 6
  m_Component:
  - component: {fileID: 1355260450204706668}
  m_Layer: 0
  m_Name: mixamorig:Spine1
  m_TagString: Untagged
  m_Icon: {fileID: 0}
  m_NavMeshLayer: 0
  m_StaticEditorFlags: 0
  m_IsActive: 1
--- !u!4 &1355260450204706668
Transform:
  m_ObjectHideFlags: 0
  m_CorrespondingSourceObject: {fileID: 0}
  m_PrefabInstance: {fileID: 0}
  m_PrefabAsset: {fileID: 0}
  m_GameObject: {fileID: 5780626523581265877}
  m_LocalRotation: {x: 3.8774097e-26, y: -4.2632574e-14, z: 6.82121e-13, w: 1}
  m_LocalPosition: {x: -0.000000002519403, y: 0.10083451, z: -0.010008043}
  m_LocalScale: {x: 1, y: 1, z: 1}
  m_Children:
  - {fileID: 4436758755611254089}
  m_Father: {fileID: 2805065685968445214}
  m_RootOrder: 0
  m_LocalEulerAnglesHint: {x: 0, y: 0, z: 0}
--- !u!1 &5994662595168986572
GameObject:
  m_ObjectHideFlags: 0
  m_CorrespondingSourceObject: {fileID: 0}
  m_PrefabInstance: {fileID: 0}
  m_PrefabAsset: {fileID: 0}
  serializedVersion: 6
  m_Component:
  - component: {fileID: 5994662595168986570}
  - component: {fileID: 5994662595168986569}
  - component: {fileID: 5994662595168986568}
  - component: {fileID: 5994662595168986575}
  - component: {fileID: 5994662595168986574}
  - component: {fileID: 5994662595168986573}
  m_Layer: 0
  m_Name: Player Football Green
  m_TagString: Untagged
  m_Icon: {fileID: 0}
  m_NavMeshLayer: 0
  m_StaticEditorFlags: 0
  m_IsActive: 1
--- !u!4 &5994662595168986570
Transform:
  m_ObjectHideFlags: 0
  m_CorrespondingSourceObject: {fileID: 0}
  m_PrefabInstance: {fileID: 0}
  m_PrefabAsset: {fileID: 0}
  m_GameObject: {fileID: 5994662595168986572}
  m_LocalRotation: {x: 0, y: 0, z: 0, w: 1}
  m_LocalPosition: {x: 0, y: 0, z: 0}
  m_LocalScale: {x: 1, y: 1, z: 1}
  m_Children:
  - {fileID: 2395839492978882622}
  m_Father: {fileID: 0}
  m_RootOrder: 0
  m_LocalEulerAnglesHint: {x: 0, y: 0, z: 0}
--- !u!114 &5994662595168986569
MonoBehaviour:
  m_ObjectHideFlags: 0
  m_CorrespondingSourceObject: {fileID: 0}
  m_PrefabInstance: {fileID: 0}
  m_PrefabAsset: {fileID: 0}
  m_GameObject: {fileID: 5994662595168986572}
  m_Enabled: 1
  m_EditorHideFlags: 0
  m_Script: {fileID: 11500000, guid: 4b76c271cf5b8b44b98c921c18c76f28, type: 3}
  m_Name: 
  m_EditorClassIdentifier: 
--- !u!114 &5994662595168986568
MonoBehaviour:
  m_ObjectHideFlags: 0
  m_CorrespondingSourceObject: {fileID: 0}
  m_PrefabInstance: {fileID: 0}
  m_PrefabAsset: {fileID: 0}
  m_GameObject: {fileID: 5994662595168986572}
  m_Enabled: 1
  m_EditorHideFlags: 0
  m_Script: {fileID: 11500000, guid: 08eca9f7688a0a24685b89133b020c8e, type: 3}
  m_Name: 
  m_EditorClassIdentifier: 
  _scriptableObjectInstallers: []
  _monoInstallers:
  - {fileID: 5994662595168986569}
  _installerPrefabs: []
  _autoRun: 1
  _kernel: {fileID: 0}
--- !u!114 &5994662595168986575
MonoBehaviour:
  m_ObjectHideFlags: 0
  m_CorrespondingSourceObject: {fileID: 0}
  m_PrefabInstance: {fileID: 0}
  m_PrefabAsset: {fileID: 0}
  m_GameObject: {fileID: 5994662595168986572}
  m_Enabled: 1
  m_EditorHideFlags: 0
  m_Script: {fileID: 11500000, guid: 0166d8ff8d905b048b2448179e1f5d11, type: 3}
  m_Name: 
  m_EditorClassIdentifier: 
  _components:
  - {fileID: 5994662595168986574}
  - {fileID: 5994662595168986573}
  _identifier: 
  _useSceneContext: 0
  _context: {fileID: 0}
  _bindType: 0
--- !u!114 &5994662595168986574
MonoBehaviour:
  m_ObjectHideFlags: 0
  m_CorrespondingSourceObject: {fileID: 0}
  m_PrefabInstance: {fileID: 0}
  m_PrefabAsset: {fileID: 0}
  m_GameObject: {fileID: 5994662595168986572}
  m_Enabled: 1
  m_EditorHideFlags: 0
  m_Script: {fileID: 11500000, guid: 3820f5d0cf1b9904f977ce2ddf68ab7d, type: 3}
  m_Name: 
  m_EditorClassIdentifier: 
--- !u!114 &5994662595168986573
MonoBehaviour:
  m_ObjectHideFlags: 0
  m_CorrespondingSourceObject: {fileID: 0}
  m_PrefabInstance: {fileID: 0}
  m_PrefabAsset: {fileID: 0}
  m_GameObject: {fileID: 5994662595168986572}
  m_Enabled: 1
  m_EditorHideFlags: 0
  m_Script: {fileID: 11500000, guid: 89936584662cb7b47994f2c82e66b05f, type: 3}
  m_Name: 
  m_EditorClassIdentifier: 
--- !u!1 &5994662595550252285
GameObject:
  m_ObjectHideFlags: 0
  m_CorrespondingSourceObject: {fileID: 0}
  m_PrefabInstance: {fileID: 0}
  m_PrefabAsset: {fileID: 0}
  serializedVersion: 6
  m_Component:
  - component: {fileID: 5994662595550252286}
  m_Layer: 0
  m_Name: Installer
  m_TagString: Untagged
  m_Icon: {fileID: 0}
  m_NavMeshLayer: 0
  m_StaticEditorFlags: 0
  m_IsActive: 1
--- !u!4 &5994662595550252286
Transform:
  m_ObjectHideFlags: 0
  m_CorrespondingSourceObject: {fileID: 0}
  m_PrefabInstance: {fileID: 0}
  m_PrefabAsset: {fileID: 0}
  m_GameObject: {fileID: 5994662595550252285}
  m_LocalRotation: {x: 0, y: 0, z: 0, w: 1}
  m_LocalPosition: {x: 0, y: 0, z: 0}
  m_LocalScale: {x: 1, y: 1, z: 1}
  m_Children: []
  m_Father: {fileID: 2395839492978882622}
  m_RootOrder: 3
  m_LocalEulerAnglesHint: {x: 0, y: 0, z: 0}
--- !u!1 &6257969507314332555
GameObject:
  m_ObjectHideFlags: 0
  m_CorrespondingSourceObject: {fileID: 0}
  m_PrefabInstance: {fileID: 0}
  m_PrefabAsset: {fileID: 0}
  serializedVersion: 6
  m_Component:
  - component: {fileID: 3353668989709892229}
  m_Layer: 0
  m_Name: mixamorig:LeftHandPinky3
  m_TagString: Untagged
  m_Icon: {fileID: 0}
  m_NavMeshLayer: 0
  m_StaticEditorFlags: 0
  m_IsActive: 1
--- !u!4 &3353668989709892229
Transform:
  m_ObjectHideFlags: 0
  m_CorrespondingSourceObject: {fileID: 0}
  m_PrefabInstance: {fileID: 0}
  m_PrefabAsset: {fileID: 0}
  m_GameObject: {fileID: 6257969507314332555}
  m_LocalRotation: {x: -0.00000005960463, y: -0.000000029815762, z: -0.000000029788868,
    w: 1}
  m_LocalPosition: {x: -0.021142116, y: 0.00000019538281, z: -0.00000002864415}
  m_LocalScale: {x: 1, y: 1, z: 1}
  m_Children:
  - {fileID: 5930867628323531349}
  m_Father: {fileID: 3220630934375680919}
  m_RootOrder: 0
  m_LocalEulerAnglesHint: {x: 0, y: 0, z: 0}
--- !u!1 &6348407109100154689
GameObject:
  m_ObjectHideFlags: 0
  m_CorrespondingSourceObject: {fileID: 0}
  m_PrefabInstance: {fileID: 0}
  m_PrefabAsset: {fileID: 0}
  serializedVersion: 6
  m_Component:
  - component: {fileID: 7022194450320962703}
  m_Layer: 0
  m_Name: mixamorig:RightHandMiddle1
  m_TagString: Untagged
  m_Icon: {fileID: 0}
  m_NavMeshLayer: 0
  m_StaticEditorFlags: 0
  m_IsActive: 1
--- !u!4 &7022194450320962703
Transform:
  m_ObjectHideFlags: 0
  m_CorrespondingSourceObject: {fileID: 0}
  m_PrefabInstance: {fileID: 0}
  m_PrefabAsset: {fileID: 0}
  m_GameObject: {fileID: 6348407109100154689}
  m_LocalRotation: {x: 0.000000014901157, y: 0.000000044689624, z: -0.000000029823113,
    w: 1}
  m_LocalPosition: {x: 0.09532503, y: -0.00000016312302, z: 0.00000016791842}
  m_LocalScale: {x: 1, y: 1, z: 1}
  m_Children:
  - {fileID: 2885211650992313061}
  m_Father: {fileID: 3966035080195178333}
  m_RootOrder: 1
  m_LocalEulerAnglesHint: {x: 0, y: 0, z: 0}
--- !u!1 &6455502438651125911
GameObject:
  m_ObjectHideFlags: 0
  m_CorrespondingSourceObject: {fileID: 0}
  m_PrefabInstance: {fileID: 0}
  m_PrefabAsset: {fileID: 0}
  serializedVersion: 6
  m_Component:
  - component: {fileID: 7381404025120669665}
  m_Layer: 0
  m_Name: mixamorig:RightHandIndex1
  m_TagString: Untagged
  m_Icon: {fileID: 0}
  m_NavMeshLayer: 0
  m_StaticEditorFlags: 0
  m_IsActive: 1
--- !u!4 &7381404025120669665
Transform:
  m_ObjectHideFlags: 0
  m_CorrespondingSourceObject: {fileID: 0}
  m_PrefabInstance: {fileID: 0}
  m_PrefabAsset: {fileID: 0}
  m_GameObject: {fileID: 6455502438651125911}
  m_LocalRotation: {x: 0.000000014901159, y: 6.934323e-12, z: 0.0000000149011585,
    w: 1}
  m_LocalPosition: {x: 0.09108281, y: -0.0051678894, z: 0.022601163}
  m_LocalScale: {x: 1, y: 1, z: 1}
  m_Children:
  - {fileID: 7079050805441926787}
  m_Father: {fileID: 3966035080195178333}
  m_RootOrder: 0
  m_LocalEulerAnglesHint: {x: 0, y: 0, z: 0}
--- !u!1 &6473861471134554713
GameObject:
  m_ObjectHideFlags: 0
  m_CorrespondingSourceObject: {fileID: 0}
  m_PrefabInstance: {fileID: 0}
  m_PrefabAsset: {fileID: 0}
  serializedVersion: 6
  m_Component:
  - component: {fileID: 5564340548838596297}
  m_Layer: 0
  m_Name: mixamorig:Head
  m_TagString: Untagged
  m_Icon: {fileID: 0}
  m_NavMeshLayer: 0
  m_StaticEditorFlags: 0
  m_IsActive: 1
--- !u!4 &5564340548838596297
Transform:
  m_ObjectHideFlags: 0
  m_CorrespondingSourceObject: {fileID: 0}
  m_PrefabInstance: {fileID: 0}
  m_PrefabAsset: {fileID: 0}
  m_GameObject: {fileID: 6473861471134554713}
  m_LocalRotation: {x: 0, y: -0, z: -2.3142172e-36, w: 1}
  m_LocalPosition: {x: 0.0000000042423185, y: 0.09617875, z: 0.016850075}
  m_LocalScale: {x: 1, y: 1, z: 1}
  m_Children:
  - {fileID: 3388686633478869068}
  - {fileID: 1737378296743522351}
  - {fileID: 844054416632247976}
  m_Father: {fileID: 3481156540712020393}
  m_RootOrder: 0
  m_LocalEulerAnglesHint: {x: 0, y: 0, z: 0}
--- !u!1 &6585273299727837707
GameObject:
  m_ObjectHideFlags: 0
  m_CorrespondingSourceObject: {fileID: 0}
  m_PrefabInstance: {fileID: 0}
  m_PrefabAsset: {fileID: 0}
  serializedVersion: 6
  m_Component:
  - component: {fileID: 2183972255532042933}
  m_Layer: 0
  m_Name: mixamorig:RightHandPinky4
  m_TagString: Untagged
  m_Icon: {fileID: 0}
  m_NavMeshLayer: 0
  m_StaticEditorFlags: 0
  m_IsActive: 1
--- !u!4 &2183972255532042933
Transform:
  m_ObjectHideFlags: 0
  m_CorrespondingSourceObject: {fileID: 0}
  m_PrefabInstance: {fileID: 0}
  m_PrefabAsset: {fileID: 0}
  m_GameObject: {fileID: 6585273299727837707}
  m_LocalRotation: {x: 0, y: -0, z: -0, w: 1}
  m_LocalPosition: {x: 0.019756826, y: -0.00000018521958, z: -0.000000009839841}
  m_LocalScale: {x: 1, y: 1, z: 1}
  m_Children: []
  m_Father: {fileID: 2802603509638983103}
  m_RootOrder: 0
  m_LocalEulerAnglesHint: {x: 0, y: 0, z: 0}
--- !u!1 &6663738552634308110
GameObject:
  m_ObjectHideFlags: 0
  m_CorrespondingSourceObject: {fileID: 0}
  m_PrefabInstance: {fileID: 0}
  m_PrefabAsset: {fileID: 0}
  serializedVersion: 6
  m_Component:
  - component: {fileID: 4145525060786268618}
  m_Layer: 0
  m_Name: mixamorig:LeftHandPinky1
  m_TagString: Untagged
  m_Icon: {fileID: 0}
  m_NavMeshLayer: 0
  m_StaticEditorFlags: 0
  m_IsActive: 1
--- !u!4 &4145525060786268618
Transform:
  m_ObjectHideFlags: 0
  m_CorrespondingSourceObject: {fileID: 0}
  m_PrefabInstance: {fileID: 0}
  m_PrefabAsset: {fileID: 0}
  m_GameObject: {fileID: 6663738552634308110}
  m_LocalRotation: {x: 0.000000029802317, y: -0.000000014907881, z: -0.000000014894434,
    w: 1}
  m_LocalPosition: {x: -0.08077778, y: -0.004886682, z: -0.03806067}
  m_LocalScale: {x: 1, y: 1, z: 1}
  m_Children:
  - {fileID: 3220630934375680919}
  m_Father: {fileID: 5804379981854780550}
  m_RootOrder: 2
  m_LocalEulerAnglesHint: {x: 0, y: 0, z: 0}
--- !u!1 &6687883301946834012
GameObject:
  m_ObjectHideFlags: 0
  m_CorrespondingSourceObject: {fileID: 0}
  m_PrefabInstance: {fileID: 0}
  m_PrefabAsset: {fileID: 0}
  serializedVersion: 6
  m_Component:
  - component: {fileID: 7079050805441926787}
  m_Layer: 0
  m_Name: mixamorig:RightHandIndex2
  m_TagString: Untagged
  m_Icon: {fileID: 0}
  m_NavMeshLayer: 0
  m_StaticEditorFlags: 0
  m_IsActive: 1
--- !u!4 &7079050805441926787
Transform:
  m_ObjectHideFlags: 0
  m_CorrespondingSourceObject: {fileID: 0}
  m_PrefabInstance: {fileID: 0}
  m_PrefabAsset: {fileID: 0}
  m_GameObject: {fileID: 6687883301946834012}
  m_LocalRotation: {x: -0.000000044703473, y: -0.000000014901154, z: 6.9321007e-12,
    w: 1}
  m_LocalPosition: {x: 0.036764093, y: 0.00000019227156, z: 0.0000003235567}
  m_LocalScale: {x: 1, y: 1, z: 1}
  m_Children:
  - {fileID: 918681614514011431}
  m_Father: {fileID: 7381404025120669665}
  m_RootOrder: 0
  m_LocalEulerAnglesHint: {x: 0, y: 0, z: 0}
--- !u!1 &6872456947099714316
GameObject:
  m_ObjectHideFlags: 0
  m_CorrespondingSourceObject: {fileID: 0}
  m_PrefabInstance: {fileID: 0}
  m_PrefabAsset: {fileID: 0}
  serializedVersion: 6
  m_Component:
  - component: {fileID: 4438304724165263057}
  m_Layer: 0
  m_Name: mixamorig:LeftLeg
  m_TagString: Untagged
  m_Icon: {fileID: 0}
  m_NavMeshLayer: 0
  m_StaticEditorFlags: 0
  m_IsActive: 1
--- !u!4 &4438304724165263057
Transform:
  m_ObjectHideFlags: 0
  m_CorrespondingSourceObject: {fileID: 0}
  m_PrefabInstance: {fileID: 0}
  m_PrefabAsset: {fileID: 0}
  m_GameObject: {fileID: 6872456947099714316}
  m_LocalRotation: {x: 0.0014022698, y: -3.3268402e-10, z: -1.3309691e-10, w: 0.99999905}
  m_LocalPosition: {x: 0.000000004110158, y: -0.44370472, z: 0.0028464263}
  m_LocalScale: {x: 1, y: 1, z: 1}
  m_Children:
  - {fileID: 8278988282174079558}
  m_Father: {fileID: 6558915502023296593}
  m_RootOrder: 0
  m_LocalEulerAnglesHint: {x: 0, y: 0, z: 0}
--- !u!1 &6960737919608442046
GameObject:
  m_ObjectHideFlags: 0
  m_CorrespondingSourceObject: {fileID: 0}
  m_PrefabInstance: {fileID: 0}
  m_PrefabAsset: {fileID: 0}
  serializedVersion: 6
  m_Component:
  - component: {fileID: 2619342860730185809}
  m_Layer: 0
  m_Name: mixamorig:RightHandRing4
  m_TagString: Untagged
  m_Icon: {fileID: 0}
  m_NavMeshLayer: 0
  m_StaticEditorFlags: 0
  m_IsActive: 1
--- !u!4 &2619342860730185809
Transform:
  m_ObjectHideFlags: 0
  m_CorrespondingSourceObject: {fileID: 0}
  m_PrefabInstance: {fileID: 0}
  m_PrefabAsset: {fileID: 0}
  m_GameObject: {fileID: 6960737919608442046}
  m_LocalRotation: {x: 0, y: -0, z: -0, w: 1}
  m_LocalPosition: {x: 0.026474526, y: 0.00000024608212, z: -0.000000022949234}
  m_LocalScale: {x: 1, y: 1, z: 1}
  m_Children: []
  m_Father: {fileID: 6507786738410693033}
  m_RootOrder: 0
  m_LocalEulerAnglesHint: {x: 0, y: 0, z: 0}
--- !u!1 &7124513187396510869
GameObject:
  m_ObjectHideFlags: 0
  m_CorrespondingSourceObject: {fileID: 0}
  m_PrefabInstance: {fileID: 0}
  m_PrefabAsset: {fileID: 0}
  serializedVersion: 6
  m_Component:
  - component: {fileID: 7698088466328018194}
  m_Layer: 0
  m_Name: mixamorig:RightHandThumb2
  m_TagString: Untagged
  m_Icon: {fileID: 0}
  m_NavMeshLayer: 0
  m_StaticEditorFlags: 0
  m_IsActive: 1
--- !u!4 &7698088466328018194
Transform:
  m_ObjectHideFlags: 0
  m_CorrespondingSourceObject: {fileID: 0}
  m_PrefabInstance: {fileID: 0}
  m_PrefabAsset: {fileID: 0}
  m_GameObject: {fileID: 7124513187396510869}
  m_LocalRotation: {x: 0.000000029786868, y: -0.0000065657905, z: -0.0000065806976,
    w: 1}
  m_LocalPosition: {x: 0.03229772, y: -0.018647088, z: 0.018647185}
  m_LocalScale: {x: 1, y: 1, z: 1}
  m_Children:
  - {fileID: 3406004107787130323}
  m_Father: {fileID: 5374218200570780830}
  m_RootOrder: 0
  m_LocalEulerAnglesHint: {x: 0, y: 0, z: 0}
--- !u!1 &7230163655885487502
GameObject:
  m_ObjectHideFlags: 0
  m_CorrespondingSourceObject: {fileID: 0}
  m_PrefabInstance: {fileID: 0}
  m_PrefabAsset: {fileID: 0}
  serializedVersion: 6
  m_Component:
  - component: {fileID: 5804379981854780550}
  m_Layer: 0
  m_Name: mixamorig:LeftHand
  m_TagString: Untagged
  m_Icon: {fileID: 0}
  m_NavMeshLayer: 0
  m_StaticEditorFlags: 0
  m_IsActive: 1
--- !u!4 &5804379981854780550
Transform:
  m_ObjectHideFlags: 0
  m_CorrespondingSourceObject: {fileID: 0}
  m_PrefabInstance: {fileID: 0}
  m_PrefabAsset: {fileID: 0}
  m_GameObject: {fileID: 7230163655885487502}
  m_LocalRotation: {x: 0.00022562433, y: 0.000000044703473, z: -1.0083181e-11, w: 1}
  m_LocalPosition: {x: -0.2832884, y: -0.00000017440718, z: 0.00000037804523}
  m_LocalScale: {x: 1, y: 1, z: 1}
  m_Children:
  - {fileID: 3628964732570287221}
  - {fileID: 8513738134316473419}
  - {fileID: 4145525060786268618}
  - {fileID: 8432160242739084162}
  - {fileID: 8367925691834966265}
  m_Father: {fileID: 765748458758727518}
  m_RootOrder: 0
  m_LocalEulerAnglesHint: {x: 0, y: 0, z: 0}
--- !u!1 &7310479264636755801
GameObject:
  m_ObjectHideFlags: 0
  m_CorrespondingSourceObject: {fileID: 0}
  m_PrefabInstance: {fileID: 0}
  m_PrefabAsset: {fileID: 0}
  serializedVersion: 6
  m_Component:
  - component: {fileID: 1466733114589045892}
  m_Layer: 0
  m_Name: mixamorig:RightHandMiddle4
  m_TagString: Untagged
  m_Icon: {fileID: 0}
  m_NavMeshLayer: 0
  m_StaticEditorFlags: 0
  m_IsActive: 1
--- !u!4 &1466733114589045892
Transform:
  m_ObjectHideFlags: 0
  m_CorrespondingSourceObject: {fileID: 0}
  m_PrefabInstance: {fileID: 0}
  m_PrefabAsset: {fileID: 0}
  m_GameObject: {fileID: 7310479264636755801}
  m_LocalRotation: {x: 0, y: -0, z: -0, w: 1}
  m_LocalPosition: {x: 0.028339025, y: 0.00000008053241, z: 0.00000053787704}
  m_LocalScale: {x: 1, y: 1, z: 1}
  m_Children: []
  m_Father: {fileID: 7298419205308119137}
  m_RootOrder: 0
  m_LocalEulerAnglesHint: {x: 0, y: 0, z: 0}
--- !u!1 &7385501988458518019
GameObject:
  m_ObjectHideFlags: 0
  m_CorrespondingSourceObject: {fileID: 0}
  m_PrefabInstance: {fileID: 0}
  m_PrefabAsset: {fileID: 0}
  serializedVersion: 6
  m_Component:
  - component: {fileID: 2101998989070937609}
  m_Layer: 0
  m_Name: mixamorig:LeftToe_End
  m_TagString: Untagged
  m_Icon: {fileID: 0}
  m_NavMeshLayer: 0
  m_StaticEditorFlags: 0
  m_IsActive: 1
--- !u!4 &2101998989070937609
Transform:
  m_ObjectHideFlags: 0
  m_CorrespondingSourceObject: {fileID: 0}
  m_PrefabInstance: {fileID: 0}
  m_PrefabAsset: {fileID: 0}
  m_GameObject: {fileID: 7385501988458518019}
  m_LocalRotation: {x: 0, y: -0, z: -0, w: 1}
  m_LocalPosition: {x: 0.000000025080618, y: -0.0000067668298, z: 0.09278136}
  m_LocalScale: {x: 1, y: 1, z: 1}
  m_Children: []
  m_Father: {fileID: 8274672565432454525}
  m_RootOrder: 0
  m_LocalEulerAnglesHint: {x: 0, y: 0, z: 0}
--- !u!1 &7835292262056176106
GameObject:
  m_ObjectHideFlags: 0
  m_CorrespondingSourceObject: {fileID: 0}
  m_PrefabInstance: {fileID: 0}
  m_PrefabAsset: {fileID: 0}
  serializedVersion: 6
  m_Component:
  - component: {fileID: 5930867628323531349}
  m_Layer: 0
  m_Name: mixamorig:LeftHandPinky4
  m_TagString: Untagged
  m_Icon: {fileID: 0}
  m_NavMeshLayer: 0
  m_StaticEditorFlags: 0
  m_IsActive: 1
--- !u!4 &5930867628323531349
Transform:
  m_ObjectHideFlags: 0
  m_CorrespondingSourceObject: {fileID: 0}
  m_PrefabInstance: {fileID: 0}
  m_PrefabAsset: {fileID: 0}
  m_GameObject: {fileID: 7835292262056176106}
  m_LocalRotation: {x: 0, y: -0, z: -0, w: 1}
  m_LocalPosition: {x: -0.019756826, y: 0.00000012405657, z: -0.00000044301405}
  m_LocalScale: {x: 1, y: 1, z: 1}
  m_Children: []
  m_Father: {fileID: 3353668989709892229}
  m_RootOrder: 0
  m_LocalEulerAnglesHint: {x: 0, y: 0, z: 0}
--- !u!1 &7869877457582596488
GameObject:
  m_ObjectHideFlags: 0
  m_CorrespondingSourceObject: {fileID: 0}
  m_PrefabInstance: {fileID: 0}
  m_PrefabAsset: {fileID: 0}
  serializedVersion: 6
  m_Component:
  - component: {fileID: 3966035080195178333}
  m_Layer: 0
  m_Name: mixamorig:RightHand
  m_TagString: Untagged
  m_Icon: {fileID: 0}
  m_NavMeshLayer: 0
  m_StaticEditorFlags: 0
  m_IsActive: 1
--- !u!4 &3966035080195178333
Transform:
  m_ObjectHideFlags: 0
  m_CorrespondingSourceObject: {fileID: 0}
  m_PrefabInstance: {fileID: 0}
  m_PrefabAsset: {fileID: 0}
  m_GameObject: {fileID: 7869877457582596488}
  m_LocalRotation: {x: 0.00023261023, y: -0.0000018096918, z: 4.2094897e-10, w: 1}
  m_LocalPosition: {x: 0.2832884, y: -0.0000000015814171, z: 0.00000055816014}
  m_LocalScale: {x: 1, y: 1, z: 1}
  m_Children:
  - {fileID: 7381404025120669665}
  - {fileID: 7022194450320962703}
  - {fileID: 5523105553056074770}
  - {fileID: 2146670100815723616}
  - {fileID: 5374218200570780830}
  m_Father: {fileID: 215137175210936513}
  m_RootOrder: 0
  m_LocalEulerAnglesHint: {x: 0, y: 0, z: 0}
--- !u!1 &8020521045437305949
GameObject:
  m_ObjectHideFlags: 0
  m_CorrespondingSourceObject: {fileID: 0}
  m_PrefabInstance: {fileID: 0}
  m_PrefabAsset: {fileID: 0}
  serializedVersion: 6
  m_Component:
  - component: {fileID: 2885211650992313061}
  m_Layer: 0
  m_Name: mixamorig:RightHandMiddle2
  m_TagString: Untagged
  m_Icon: {fileID: 0}
  m_NavMeshLayer: 0
  m_StaticEditorFlags: 0
  m_IsActive: 1
--- !u!4 &2885211650992313061
Transform:
  m_ObjectHideFlags: 0
  m_CorrespondingSourceObject: {fileID: 0}
  m_PrefabInstance: {fileID: 0}
  m_PrefabAsset: {fileID: 0}
  m_GameObject: {fileID: 8020521045437305949}
  m_LocalRotation: {x: -0.0000000149011585, y: -0.000000014901165, z: 6.930773e-12,
    w: 1}
  m_LocalPosition: {x: 0.036982365, y: 0.00000015066959, z: -0.00000022545524}
  m_LocalScale: {x: 1, y: 1, z: 1}
  m_Children:
  - {fileID: 7298419205308119137}
  m_Father: {fileID: 7022194450320962703}
  m_RootOrder: 0
  m_LocalEulerAnglesHint: {x: 0, y: 0, z: 0}
--- !u!1 &8104213572291035702
GameObject:
  m_ObjectHideFlags: 0
  m_CorrespondingSourceObject: {fileID: 0}
  m_PrefabInstance: {fileID: 0}
  m_PrefabAsset: {fileID: 0}
  serializedVersion: 6
  m_Component:
  - component: {fileID: 1715592712043607324}
  - component: {fileID: 8783791801464285846}
  m_Layer: 0
  m_Name: Beta_Surface
  m_TagString: Untagged
  m_Icon: {fileID: 0}
  m_NavMeshLayer: 0
  m_StaticEditorFlags: 0
  m_IsActive: 1
--- !u!4 &1715592712043607324
Transform:
  m_ObjectHideFlags: 0
  m_CorrespondingSourceObject: {fileID: 0}
  m_PrefabInstance: {fileID: 0}
  m_PrefabAsset: {fileID: 0}
  m_GameObject: {fileID: 8104213572291035702}
  m_LocalRotation: {x: 0, y: -0, z: -0, w: 1}
  m_LocalPosition: {x: -0, y: 0, z: 0}
  m_LocalScale: {x: 1, y: 1, z: 1}
  m_Children: []
  m_Father: {fileID: 2395839492978882622}
  m_RootOrder: 1
  m_LocalEulerAnglesHint: {x: 0, y: 0, z: 0}
--- !u!137 &8783791801464285846
SkinnedMeshRenderer:
  m_ObjectHideFlags: 0
  m_CorrespondingSourceObject: {fileID: 0}
  m_PrefabInstance: {fileID: 0}
  m_PrefabAsset: {fileID: 0}
  m_GameObject: {fileID: 8104213572291035702}
  m_Enabled: 1
  m_CastShadows: 1
  m_ReceiveShadows: 1
  m_DynamicOccludee: 1
  m_MotionVectors: 1
  m_LightProbeUsage: 1
  m_ReflectionProbeUsage: 1
  m_RayTracingMode: 0
  m_RayTraceProcedural: 0
  m_RenderingLayerMask: 1
  m_RendererPriority: 0
  m_Materials:
  - {fileID: 2100000, guid: ed37f92b51b686e47910482aef5f081e, type: 2}
  m_StaticBatchInfo:
    firstSubMesh: 0
    subMeshCount: 0
  m_StaticBatchRoot: {fileID: 0}
  m_ProbeAnchor: {fileID: 0}
  m_LightProbeVolumeOverride: {fileID: 0}
  m_ScaleInLightmap: 1
  m_ReceiveGI: 1
  m_PreserveUVs: 0
  m_IgnoreNormalsForChartDetection: 0
  m_ImportantGI: 0
  m_StitchLightmapSeams: 1
  m_SelectedEditorRenderState: 3
  m_MinimumChartSize: 4
  m_AutoUVMaxDistance: 0.5
  m_AutoUVMaxAngle: 89
  m_LightmapParameters: {fileID: 0}
  m_SortingLayerID: 0
  m_SortingLayer: 0
  m_SortingOrder: 0
  serializedVersion: 2
  m_Quality: 0
  m_UpdateWhenOffscreen: 0
  m_SkinnedMotionVectors: 1
  m_Mesh: {fileID: 6796121518194019630, guid: 00941ebefa7f8c9498d37d56bc82edc1, type: 3}
  m_Bones:
  - {fileID: 2793755408029194936}
  - {fileID: 2805065685968445214}
  - {fileID: 1355260450204706668}
  - {fileID: 4436758755611254089}
  - {fileID: 3481156540712020393}
  - {fileID: 5564340548838596297}
  - {fileID: 8588722417654915547}
  - {fileID: 1304796092929377925}
  - {fileID: 765748458758727518}
  - {fileID: 5804379981854780550}
  - {fileID: 8367925691834966265}
  - {fileID: 4779478473382216765}
  - {fileID: 1037811874884910690}
  - {fileID: 3628964732570287221}
  - {fileID: 9136734085395860954}
  - {fileID: 4540869906671116341}
  - {fileID: 8513738134316473419}
  - {fileID: 1243768960437013273}
  - {fileID: 6104602555089397289}
  - {fileID: 8432160242739084162}
  - {fileID: 665025022316831867}
  - {fileID: 2435806406975051117}
  - {fileID: 4145525060786268618}
  - {fileID: 3220630934375680919}
  - {fileID: 3353668989709892229}
  - {fileID: 4493133898254128473}
  - {fileID: 215137175210936513}
  - {fileID: 3966035080195178333}
  - {fileID: 5523105553056074770}
  - {fileID: 6119642761128551956}
  - {fileID: 2802603509638983103}
  - {fileID: 2146670100815723616}
  - {fileID: 7087978814471641128}
  - {fileID: 6507786738410693033}
  - {fileID: 7022194450320962703}
  - {fileID: 2885211650992313061}
  - {fileID: 7298419205308119137}
  - {fileID: 7381404025120669665}
  - {fileID: 7079050805441926787}
  - {fileID: 918681614514011431}
  - {fileID: 5374218200570780830}
  - {fileID: 7698088466328018194}
  - {fileID: 3406004107787130323}
  - {fileID: 4438304724165263057}
  - {fileID: 8278988282174079558}
  - {fileID: 8274672565432454525}
  - {fileID: 592152245241410521}
  - {fileID: 7891624289994413977}
  - {fileID: 5576589201741814584}
  - {fileID: 1766855099482579601}
  - {fileID: 8893398801725676862}
  - {fileID: 6558915502023296593}
  m_BlendShapeWeights: []
  m_RootBone: {fileID: 2793755408029194936}
  m_AABB:
    m_Center: {x: -0.00000035762787, y: -0.13846809, z: -0.00415083}
    m_Extent: {x: 0.90256625, y: 0.9046026, z: 0.16034934}
  m_DirtyAABB: 0
--- !u!1 &8123014266312696809
GameObject:
  m_ObjectHideFlags: 0
  m_CorrespondingSourceObject: {fileID: 0}
  m_PrefabInstance: {fileID: 0}
  m_PrefabAsset: {fileID: 0}
  serializedVersion: 6
  m_Component:
  - component: {fileID: 3220630934375680919}
  m_Layer: 0
  m_Name: mixamorig:LeftHandPinky2
  m_TagString: Untagged
  m_Icon: {fileID: 0}
  m_NavMeshLayer: 0
  m_StaticEditorFlags: 0
  m_IsActive: 1
--- !u!4 &3220630934375680919
Transform:
  m_ObjectHideFlags: 0
  m_CorrespondingSourceObject: {fileID: 0}
  m_PrefabInstance: {fileID: 0}
  m_PrefabAsset: {fileID: 0}
  m_GameObject: {fileID: 8123014266312696809}
  m_LocalRotation: {x: 0.000000029802315, y: -0.000000014894437, z: 0.000000014907881,
    w: 1}
  m_LocalPosition: {x: -0.036000345, y: -0.000000022522151, z: -0.00000026238794}
  m_LocalScale: {x: 1, y: 1, z: 1}
  m_Children:
  - {fileID: 3353668989709892229}
  m_Father: {fileID: 4145525060786268618}
  m_RootOrder: 0
  m_LocalEulerAnglesHint: {x: 0, y: 0, z: 0}
--- !u!1 &8468593400794324716
GameObject:
  m_ObjectHideFlags: 0
  m_CorrespondingSourceObject: {fileID: 0}
  m_PrefabInstance: {fileID: 0}
  m_PrefabAsset: {fileID: 0}
  serializedVersion: 6
  m_Component:
  - component: {fileID: 2793755408029194936}
  m_Layer: 0
  m_Name: mixamorig:Hips
  m_TagString: Untagged
  m_Icon: {fileID: 0}
  m_NavMeshLayer: 0
  m_StaticEditorFlags: 0
  m_IsActive: 1
--- !u!4 &2793755408029194936
Transform:
  m_ObjectHideFlags: 0
  m_CorrespondingSourceObject: {fileID: 0}
  m_PrefabInstance: {fileID: 0}
  m_PrefabAsset: {fileID: 0}
  m_GameObject: {fileID: 8468593400794324716}
  m_LocalRotation: {x: 5.5795913e-16, y: 0.00000002135681, z: -0.00000070372965, w: 1}
  m_LocalPosition: {x: 0.00000007727291, y: 1.0427487, z: 0.015543158}
  m_LocalScale: {x: 1, y: 1, z: 1}
  m_Children:
  - {fileID: 6558915502023296593}
  - {fileID: 592152245241410521}
  - {fileID: 2805065685968445214}
  m_Father: {fileID: 2395839492978882622}
  m_RootOrder: 2
  m_LocalEulerAnglesHint: {x: 0, y: 0, z: 0}
--- !u!1 &8579572000326587949
GameObject:
  m_ObjectHideFlags: 0
  m_CorrespondingSourceObject: {fileID: 0}
  m_PrefabInstance: {fileID: 0}
  m_PrefabAsset: {fileID: 0}
  serializedVersion: 6
  m_Component:
  - component: {fileID: 2584941142088892776}
  m_Layer: 0
  m_Name: mixamorig:LeftHandThumb4
  m_TagString: Untagged
  m_Icon: {fileID: 0}
  m_NavMeshLayer: 0
  m_StaticEditorFlags: 0
  m_IsActive: 1
--- !u!4 &2584941142088892776
Transform:
  m_ObjectHideFlags: 0
  m_CorrespondingSourceObject: {fileID: 0}
  m_PrefabInstance: {fileID: 0}
  m_PrefabAsset: {fileID: 0}
  m_GameObject: {fileID: 8579572000326587949}
  m_LocalRotation: {x: 0, y: -0, z: -0, w: 1}
  m_LocalPosition: {x: -0.019545669, y: -0.0112850005, z: 0.011284921}
  m_LocalScale: {x: 1, y: 1, z: 1}
  m_Children: []
  m_Father: {fileID: 1037811874884910690}
  m_RootOrder: 0
  m_LocalEulerAnglesHint: {x: 0, y: 0, z: 0}
--- !u!1 &8779481156156986062
GameObject:
  m_ObjectHideFlags: 0
  m_CorrespondingSourceObject: {fileID: 0}
  m_PrefabInstance: {fileID: 0}
  m_PrefabAsset: {fileID: 0}
  serializedVersion: 6
  m_Component:
  - component: {fileID: 939325339314379460}
  m_Layer: 0
  m_Name: mixamorig:RightToe_End
  m_TagString: Untagged
  m_Icon: {fileID: 0}
  m_NavMeshLayer: 0
  m_StaticEditorFlags: 0
  m_IsActive: 1
--- !u!4 &939325339314379460
Transform:
  m_ObjectHideFlags: 0
  m_CorrespondingSourceObject: {fileID: 0}
  m_PrefabInstance: {fileID: 0}
  m_PrefabAsset: {fileID: 0}
  m_GameObject: {fileID: 8779481156156986062}
  m_LocalRotation: {x: 0, y: -0, z: -0, w: 1}
  m_LocalPosition: {x: 0.000000020942645, y: -0.000006763694, z: 0.0927812}
  m_LocalScale: {x: 1, y: 1, z: 1}
  m_Children: []
  m_Father: {fileID: 1766855099482579601}
  m_RootOrder: 0
  m_LocalEulerAnglesHint: {x: 0, y: 0, z: 0}
--- !u!1 &8917007386257269931
GameObject:
  m_ObjectHideFlags: 0
  m_CorrespondingSourceObject: {fileID: 0}
  m_PrefabInstance: {fileID: 0}
  m_PrefabAsset: {fileID: 0}
  serializedVersion: 6
  m_Component:
  - component: {fileID: 3628964732570287221}
  m_Layer: 0
  m_Name: mixamorig:LeftHandIndex1
  m_TagString: Untagged
  m_Icon: {fileID: 0}
  m_NavMeshLayer: 0
  m_StaticEditorFlags: 0
  m_IsActive: 1
--- !u!4 &3628964732570287221
Transform:
  m_ObjectHideFlags: 0
  m_CorrespondingSourceObject: {fileID: 0}
  m_PrefabInstance: {fileID: 0}
  m_PrefabAsset: {fileID: 0}
  m_GameObject: {fileID: 8917007386257269931}
  m_LocalRotation: {x: 0.00000007450579, y: -6.7234625e-12, z: -0.000000014901159,
    w: 1}
  m_LocalPosition: {x: -0.09109301, y: -0.005170834, z: 0.02260073}
  m_LocalScale: {x: 1, y: 1, z: 1}
  m_Children:
  - {fileID: 9136734085395860954}
  m_Father: {fileID: 5804379981854780550}
  m_RootOrder: 0
  m_LocalEulerAnglesHint: {x: 0, y: 0, z: 0}
--- !u!1 &9050265281080330703
GameObject:
  m_ObjectHideFlags: 0
  m_CorrespondingSourceObject: {fileID: 0}
  m_PrefabInstance: {fileID: 0}
  m_PrefabAsset: {fileID: 0}
  serializedVersion: 6
  m_Component:
  - component: {fileID: 8432160242739084162}
  m_Layer: 0
  m_Name: mixamorig:LeftHandRing1
  m_TagString: Untagged
  m_Icon: {fileID: 0}
  m_NavMeshLayer: 0
  m_StaticEditorFlags: 0
  m_IsActive: 1
--- !u!4 &8432160242739084162
Transform:
  m_ObjectHideFlags: 0
  m_CorrespondingSourceObject: {fileID: 0}
  m_PrefabInstance: {fileID: 0}
  m_PrefabAsset: {fileID: 0}
  m_GameObject: {fileID: 9050265281080330703}
  m_LocalRotation: {x: 0.000000029802315, y: -0.000000029795597, z: 0.000000014914605,
    w: 1}
  m_LocalPosition: {x: -0.091045275, y: -0.00043939505, z: -0.018650847}
  m_LocalScale: {x: 1, y: 1, z: 1}
  m_Children:
  - {fileID: 665025022316831867}
  m_Father: {fileID: 5804379981854780550}
  m_RootOrder: 3
  m_LocalEulerAnglesHint: {x: 0, y: 0, z: 0}
--- !u!1 &9104153623365487785
GameObject:
  m_ObjectHideFlags: 0
  m_CorrespondingSourceObject: {fileID: 0}
  m_PrefabInstance: {fileID: 0}
  m_PrefabAsset: {fileID: 0}
  serializedVersion: 6
  m_Component:
  - component: {fileID: 8893398801725676862}
  m_Layer: 0
  m_Name: mixamorig:RightShoulder
  m_TagString: Untagged
  m_Icon: {fileID: 0}
  m_NavMeshLayer: 0
  m_StaticEditorFlags: 0
  m_IsActive: 1
--- !u!4 &8893398801725676862
Transform:
  m_ObjectHideFlags: 0
  m_CorrespondingSourceObject: {fileID: 0}
  m_PrefabInstance: {fileID: 0}
  m_PrefabAsset: {fileID: 0}
  m_GameObject: {fileID: 9104153623365487785}
  m_LocalRotation: {x: -0.000000014901161, y: 4.3930442e-14, z: 0.000000042395698,
    w: 1}
  m_LocalPosition: {x: 0.045699697, y: 0.10946176, z: -0.026280174}
  m_LocalScale: {x: 1, y: 1, z: 1}
  m_Children:
  - {fileID: 4493133898254128473}
  m_Father: {fileID: 4436758755611254089}
  m_RootOrder: 2
  m_LocalEulerAnglesHint: {x: 0, y: 0, z: 0}
